1737 3378
402 214 497 282 316
613 214 1477 265 ANNoTATIONEs

401 304 552 345 storicis
573 303 762 357 frequens.
785 305 894 346 Dion
914 305 1064 346 Caffius
1083 306 1248 354 XLVII,
1271 321 1309 361 p.
1338 322 1409 361 345
1428 308 1478 348 A.
1498 307 1676 348 ἁπέκλει-
1724 310 1737 356 Ξ,

402 372 449 397 σε
470 356 502 395 οἱ
515 358 579 396 καὶ
594 358 659 398 τὴν
672 359 894 399 θάλασσαν·
911 360 952 400 &
968 361 1114 400 variata
1130 360 1318 400 struRura
1330 392 1343 408 ,
1362 361 1574 402 ἀποκλείειν
1588 362 1674 403 τοὺς
1735 363 1737 383 ³

403 411 608 460 πολεμίους
624 410 693 452 τῆς
709 413 912 454 &amco-ns
927 415 1027 467 apud
1043 413 1146 453 Suid.
1166 410 1342 467 ἰηἝρμα.
1361 415 1461 455 Hinc
1479 425 1596 467 patet,
1616 416 1676 455 iu·
1728 434 1737 465 y

403 476 447 503 re
468 465 670 505 Kuhnium
696 466 732 505 in
752 467 935 507 Pausania
959 466 1077 515 VIII,
1098 481 1134 520 p.
1169 467 1266 521 598,
1290 467 1452 508 voluiffe
1476 467 1677 521 legi‚'Ap·
1729 489 1737 498 ·<

404 517 527 557 κοιὸες
541 521 583 556 τὸ
606 519 704 559 ἐντος
718 519 876 561 οἰκοῦσιν
900 520 1181 571 ἀποκλειόμενοι
1200 522 1405 561 θαλάσσης
1424 519 1678 575 πανταχόθεν·
1736 541 1737 545 ’

405 583 494 610 nam
510 572 689 612 θαλάσση
709 603 719 618 ,
741 575 943 625 quomodo
960 575 1145 625 vulgatur
1157 604 1168 620 ,
1187 575 1312 622 valet,
1333 575 1613 614 marisinten‘eau
1633 576 1678 613 ab
1727 595 1730 598 ⁴

403 626 562 719 <iginibus
581 627 661 665 aliis
676 619 824 680 salust:
855 629 962 682 quod
983 642 1004 668 a
1025 627 1230 668 Pausaniae
1256 640 1383 668 mente
1412 629 1529 682 longe
1554 628 1677 669 distat.

451 690 574 718 EMST.

459 735 533 772 ead.
555 734 577 772 l.
599 748 636 786 9.
663 733 720 782 τῷ
745 732 859 787 ζῆτα)
881 733 1086 788 utraeque:
1103 735 1236 775 literae
1253 740 1276 774 z
1299 736 1338 776 &
1351 740 1383 773 Σ
1400 721 1583 775 multis'in
1605 747 1680 775 vo-

405 785 514 826 cibus
536 787 653 826 altera
674 788 803 827 locum
824 789 978 828 alterius
999 790 1179 828 obtinuit.
1212 790 1318 828 Ζάλοι
1333 820 1343 835 ,
1369 788 1549 840 Ζαμβὺκιι
1564 819 1577 836 ,
1608 789 1679 828 Ζέι·

405 839 558 891 μολξις,
582 840 706 891 Ζεῖροι,
729 841 854 887 Ζιβὺνη
872 843 1024 882 utrovis
1043 843 1161 883 modo
1178 842 1287 896 saepe
1304 842 1529 883 scribuntur.
1545 842 1598 882 At
1611 841 1680 882 ubi

405 893 525 933 literis
544 899 566 932 B
585 895 649 934 vel
673 899 710 932 Μ
738 896 1034 948 praeficiendum
1055 907 1136 936 erat
1162 896 1323 947 Σῖγμα,
1346 898 1470 936 vicem
1490 897 1600 955 gitis,
1620 897 1681 935 in-
1736 911 1737 914 ¹

405 948 553 987 vitante
574 951 849 1001 pronuntiandi
866 948 1074 998 suavitate,
1097 949 1284 989 subsidere
1305 952 1435 1003 coepit
1459 955 1577 989 znu-
1595 960 1681 988 tan-

405 1010 446 1039 ta
468 1002 622 1054 quidem
646 1002 741 1042 iuris
761 1002 904 1055 specie,
933 1014 977 1043 ut
1001 1005 1103 1056 apud
1127 1003 1413 1044 Grammaticos
1429 1004 1468 1042 in
1494 1003 1680 1056 discepta-

409 1054 558 1094 tionem
574 1057 722 1095 venerit
735 1087 746 1103 ‚
763 1058 901 1110 ζμύρνιι
916 1056 1155 1097 scribendum
1173 1056 1265 1097 effet
1279 1071 1327 1096 an
1348 1057 1488 1109 σμύρνα.
1501 1087 1513 1103 ,
1535 1058 1682 1108 ζμίλιον

408 1120 461 1146 an
475 1109 634 1159 σμίλιον,
648 1121 690 1149 ut
703 1120 807 1163 patet
826 1124 874 1150 ex
892 1109 1009 1150 Sexto
1029 1111 1173 1164 Empir.
1194 1111 1280 1150 adv,
1295 1111 1469 1151 Gramm.
1491 1109 1521 1149 1.
1540 1109 1574 1150 S.
1595 1110 1639 1150 16
1671 1142 1682 1151 .

406 1162 474 1201 ubi
493 1163 581 1202 vide
604 1164 871 1204 eruditiffimae
887 1165 1098 1217 diligentiae
1116 1165 1242 1204 virum
1269 1165 1299 1204 1.
1324 1166 1373 1204 A.
1392 1163 1620 1204 Fabricium.
1660 1176 1684 1204 n

412 1215 534 1256 Gloff.
553 1216 716 1269 Cyrilli‚
742 1218 905 1271 Ζμὺρνοι,
932 1234 1056 1258 murra.
1078 1220 1304 1272 Scalpellum,
1323 1219 1534 1271 Scalpulus,
1553 1218 1679 1269 ζμίλη·
1715 1226 1719 1230 ’

410 1269 450 1308 in
473 1270 553 1309 aliis
576 1270 681 1311 istius
704 1274 854 1325 generis
881 1273 968 1312 alia.
999 1272 1097 1312 Rem
1126 1273 1297 1326 pluribus
1320 1273 1505 1326 exemplis
1527 1271 1685 1312 illustrat

411 1322 582 1364 Eustath.
604 1326 651 1364 ad
673 1325 716 1365 11.
738 1331 783 1372 B,
803 1340 887 1379 pag.
910 1340 1001 1376 217,
1022 1326 1118 1372 228,
1139 1339 1184 1366 ea
1200 1327 1375 1373 tradens,
1394 1339 1516 1380 quae,
1539 1326 1568 1366 fi
1589 1339 1685 1385 vera

409 1375 520 1424 sunt,
543 1378 696 1418 causam
723 1380 851 1419 literae
873 1380 1025 1420 nostrae
1051 1386 1081 1419 Σ
1104 1393 1184 1420 non
1211 1394 1345 1434 parum
1365 1381 1533 1420 laedant:
1555 1380 1611 1429 ἐφ’
1634 1382 1681 1419 ὠν

411 1431 624 1483 (παλαιῶν
647 1434 958 1487 γραμματικῶν)
980 1435 1044 1472 καὶ
1065 1436 1109 1472 ‘rb
1131 1435 1269 1485 ζμύρνοο
1291 1435 1354 1473 καὶ
1374 1437 1419 1474 τὸ
1441 1435 1588 1486 ζμικρὶς
1609 1433 1683 1473 διὰ

409 1483 479 1524 τοῦ
502 1486 530 1537 ζ’
550 1487 770 1540 κατήρχετο
794 1502 949 1540 καταργ
960 1486 1100 1527 ηθέντος
1113 1490 1222 1539 παρὰ
1244 1487 1316 1526 τῶν
1339 1484 1490 1540 ὕστερον
1511 1487 1560 1537 ’ny‘
1579 1487 1681 1527 ἀντι-

410 1539 516 1579 θέσει
533 1539 599 1578 τοῦ
615 1540 658 1579 o'.
678 1542 746 1580 His
761 1554 854 1594 ergo
869 1541 1025 1581 testibus
1041 1541 1215 1589 habebit,
1235 1542 1344 1595 quod
1358 1553 1626 1595 conqueratur
1636 1541 1684 1581 de

409 1592 563 1645 pristina
586 1594 812 1647 poffeslione
835 1595 1020 1635 deienum
1046 1594 1170 1642 Ζῆτοι,
1195 1596 1236 1635 &
1261 1596 1386 1648 Signia
1419 1595 1593 1636 nostrum
1614 1609 1684 1636 eo-

414 1647 501 1685 (lem
521 1647 775 1701 implicabitur
791 1650 962 1695 crimine,
982 1650 1095 1689 cuius
1109 1649 1280 1690 vicinum
1296 1655 1324 1688 T
1337 1649 1588 1690 insimulabat.
1605 1651 1685 1690 Ve-

411 1713 500 1740 rum
525 1714 572 1741 ne
594 1701 646 1742 s1c
668 1704 847 1756 quidem,
869 1716 929 1743 me
950 1704 1072 1744 iudice
1086 1733 1096 1750 ‚
1122 1703 1211 1743 nihil
1230 1705 1300 1744 erit
1314 1732 1324 1751 ,
1347 1717 1416 1744 cur
1439 1703 1573 1744 causae
1593 1703 1683 1744 suae

412 1755 575 1795 diffidat:
595 1756 734 1809 quibus
751 1758 854 1797 enim
872 1758 1108 1810 argumentis
1130 1757 1461 1810 persuadebimur,
1489 1768 1532 1798 ut
1558 1763 1582 1797 Z
1600 1759 1686 1798 lite-

412 1822 481 1848 rae
500 1809 675 1863 duplicis,
698 1812 875 1865 duplicis,
901 1812 1080 1864 inquam,
1103 1812 1287 1865 quidquid
1311 1812 1511 1852 obnitatur
1531 1811 1562 1851 Ι.
1589 1811 1686 1852 Pier.

411 1863 647 1904 Valerianus
662 1866 708 1904 ad
727 1866 824 1904 Aen.
836 1865 924 1912 Vll,
938 1864 1031 1914 648,
1048 1866 1196 1917 priores
1208 1868 1245 1905 in
1261 1866 1375 1905 huius
1388 1865 1478 1905 usus
1493 1865 1685 1919 possessio-

414 1930 465 1956 ne
479 1915 585 1957 fuiffe
601 1929 726 1972 partes
745 1919 980 1958 statuamus?
994 1920 1133 1966 Latini,
1150 1919 1230 1968 sed,
1249 1932 1292 1959 ut
1312 1931 1430 1971 puto,
1448 1921 1685 1961 recentiores

413 1971 497 2024 pari
511 1972 647 2012 modo:
665 1973 702 2012 in
722 1973 878 2013 Catullo
891 1976 1083 2027 Zmyrnam
1096 1973 1287 2026 praeferre
1303 1974 1420 2013 libros
1434 1984 1587 2013 veteres
1598 1987 1684 2014 mo·

415 2034 484 2063 net
504 2024 547 2063 Is.
563 2025 722 2066 Voffius
741 2041 776 2079 p.
800 2039 867 2078 32¹
884 2028 1040 2079 3itaque
1057 2040 1198 2066 nomen
1212 2027 1303 2067 illud
1319 2026 1431 2067 scribi
1447 2027 1546 2067 iuffit
1564 2028 1682 2068 Mart.

417 2078 579 2130 Capella
601 2079 672 2128 111,
692 2094 777 2134 pag.
807 2094 864 2132 57.
884 2082 1022 2120 Zmilus
1040 2081 1103 2121 vel
1125 2082 1253 2135 potius
1278 2082 1406 2121 Zmilc‘s
1421 2081 1541 2121 Plinio
1568 2082 1618 2120 H.
1635 2082 1689 2124 N.

416 2132 615 2181 XXXVI,
640 2147 673 2173 c.
697 2147 768 2188 13,
789 2135 855 2188 qui
874 2134 1037 2175 Graecis
1061 2135 1208 2186 Σμῖλις.
1231 2137 1447 2189 Zmaragdos
1470 2135 1509 2174 in
1531 2135 1686 2176 duobus

417 2185 584 2226 Lucretii
605 2187 729 2227 Codd.
751 2187 926 2241 reperisse
943 2188 979 2228 se
1003 2188 1158 2228 testatur
1177 2189 1385 2229 Lambinus
1403 2189 1449 2228 ad
1469 2189 1550 2236 lv,
1572 2203 1587 2227 1
1600 2202 1613 2226 ι
1626 2203 1685 2241 19.

417 2239 457 2277 in
480 2240 682 2293 Propertio
702 2241 759 2288 ΙΙ,
780 2256 852 2295 13,
876 2256 915 2281 v.
942 2258 1015 2296 43,
1031 2243 1141 2283 edere
1160 2256 1238 2283 non
1257 2243 1449 2282 dubitavit
1462 2241 1686 2283 cultiflimus

415 2292 706 2335 Broukhufius:
728 2297 856 2335 invito
874 2308 976 2336 certe
994 2295 1183 2336 Prisciano
1206 2297 1248 2336 &
1270 2297 1431 2336 multum
1453 2295 1684 2337 reclamante

415 2346 481 2386 lib.
508 2348 549 2394 Ι,
575 2363 611 2401 p.
638 2351 728 2403 564:
756 2350 783 2386 S
801 2365 928 2403 quoque
941 2349 1097 2403 sequente
1112 2367 1143 2390 m
1157 2380 1168 2396 ‚
1187 2362 1245 2396 ut,
1264 2352 1427 2403 Smyrna,
1448 2352 1684 2402 Smaragdus:

417 2417 497 2442 nam
518 2404 637 2442 vitium
650 2403 810 2455 faciunt,
830 2405 887 2456 qui
905 2420 926 2457 z
944 2417 1021 2443 ante
1044 2421 1075 2444 m
1093 2403 1260 2455 scribunt.
1283 2404 1405 2457 quue
1427 2403 1525 2443 adeo
1545 2417 1683 2443 verum

419 2454 494 2501 est,
517 2467 560 2495 ut
579 2457 809 2497 vetustiores
823 2457 1078 2498 Grammatici
1093 2458 1192 2497 illius
1211 2457 1312 2511 apud
1329 2458 1485 2497 Latinos
1500 2457 1687 2499 scribendi

422 2510 542 2551 moris
558 2512 719 2553 omnino
739 2511 883 2553 nullam
904 2511 1064 2554 fecerint
1084 2512 1336 2555 mentionem.
1354 2512 1517 2554 HEMST.
