1737 3378
21 2420 29 2439 x

358 261 983 310 PRAEFATIO.
1141 273 1319 310 Lxxxt

53 368 228 411 editionem
252 359 450 408 Betieditius
463 399 478 416 ‚
509 381 547 409 ut
565 370 716 421 plurima
744 369 969 421 antiquiorum
996 380 1106 407 errata
1125 367 1321 422 sustulerit,-

51 426 128 465 licet
153 425 202 462 ad
218 438 331 462 veram
356 424 522 462 helionem
541 439 584 462 ex
604 423 694 475 stiffi
718 424 949 476 restituendam
970 423 1082 461 minus
1101 437 1217 474 operae
1239 422 1321 463 mihi

52 479 208 520 videatur
221 477 420 529 impendiffi.

108 530 312 570 Parismam
332 531 469 582 denique
487 529 697 569 Bourdelotii
724 531 856 569 Graeco
867 552 884 559 ·
899 529 1058 568 Latinam
1074 559 1085 577 ‚
1107 531 1193 569 anni
1217 537 1320 582 ,6153

47 584 191 638 forma,
209 599 310 637 quam
327 584 363 622 in
377 583 469 635 folio
489 584 651 630 dicimus,
667 585 702 623 δ’
721 584 757 622 in
776 598 843 636 qua
862 583 1015 621 Solanus
1034 585 1196 622 nonnulla
1213 601 1321 624 emen-

54 644 179 686 darat,
191 637 339 690 suasque
357 638 652 690 paragraphorum
664 641 738 690 five
760 639 908 690 capitum
930 638 1106 689 divisiones
1122 639 1319 687 addiderat,

51 693 103 732 ita
128 692 346 730 adhibuimus
360 720 371 738 ‚
399 704 463 737 ut,
489 692 637 744 exemplo
658 693 698 731 cl.
726 691 989 742 Hemsterlzufii,
1018 692 1067 729 ad
1086 691 1158 729 eius
1181 704 1322 730 contex-

55 758 146 793 tum,
168 745 354 783 emendatis
366 774 376 790 ,
396 758 557 797 quantum
567 746 762 796 potuimus,
783 745 1017 790 emendandis,
1043 745 1239 797 typothetas
1259 761 1322 784 no-

46 803 154 857 stram
177 799 351 837 editionem
369 797 545 850 describere
564 800 803 838 curaverimus.
831 801 946 836 Notas
968 813 1046 837 vero
1063 799 1238 846 Marcilii,
1255 801 1322 838 Co-

51 853 150 907 gnati
172 853 206 890 &
228 852 440 892 Bourdelotii
462 854 572 892 textui
603 855 682 892 ibid.
713 868 782 892 non
802 850 996 904 fitbiec‘ias,
1016 852 1081 904 fi'd
1102 853 1187 892 calci
1213 868 1319 892 anne·

55 923 145 953 xas,
171 906 350 958 exscribere
371 907 447 945 inde
467 910 601 946 coaffus
613 906 687 959 fici.

111 962 337 1012 Noviffi‘mam
359 962 491 999 tandem
505 960 837 1014 Amflelodamenfi'm
857 959 1005 999 omnium
1024 959 1263 1012 vitiofiffimam
1277 960 1322 999 cl.

55 1014 219 1056 Graevii
243 1015 416 1054 editionem
435 1031 473 1054 eo
488 1016 604 1068 potius
619 1016 755 1067 consilio
775 1015 939 1059 adhibui,
955 1026 991 1052 ut
1010 1014 1079 1052 eius
1102 1015 1136 1052 δ’
1156 1015 1198 1053 cl.
1213 1015 1322 1055 Gro·
1341 1020 1345 1022 ⁷

54 1069 167 1109 novii
191 1081 293 1108 notas
313 1068 390 1106 inde
414 1084 636 1122 excerperem,
660 1084 760 1122 quam
783 1081 823 1106 ut
841 1083 884 1107 ex
912 1068 1044 1107 Graeco
1065 1069 1136 1106 eius
1160 1080 1323 1107 contextu

55 1123 187 1176 aliquid
205 1123 366 1161 utilitatis
385 1121 552 1176 sperarem
563 1154 574 1171 ‚
589 1124 647 1174 qui
670 1124 722 1162 ita
740 1121 940 1175 negligenter
953 1124 996 1175 est
1013 1123 1174 1168 habitus,
1199 1136 1239 1161 ut
1252 1137 1321 1161 non

54 1180 153 1217 modo
168 1192 211 1216 ex
228 1178 332 1216 Codd.
346 1178 403 1229 qui
426 1178 505 1215 ibid.
527 1177 742 1225 indicantur,
764 1177 854 1215 nibil
867 1177 902 1215 in
928 1191 964 1215 eo
974 1178 1024 1229 fit
1041 1178 1246 1231 restitutum,
1257 1178 1325 1230 sed

55 1231 182 1271 mendis
202 1231 455 1284 typographicis
468 1232 598 1270 Latina
620 1234 817 1282 Graecaque
836 1229 1016 1282 scateant,
1039 1231 1186 1270 maxime
1206 1232 1241 1269 in
1257 1246 1320 1270 no-

54 1287 101 1324 tis
122 1286 158 1324 6³
180 1286 376 1336 Scholiafle.
401 1286 448 1323 Id
471 1298 581 1324 tamen
609 1287 687 1324 boni
711 1285 855 1330 habuit,
887 1288 977 1337 quod
997 1285 1038 1324 cl.
1062 1286 1252 1337 Henisierlz.
1284 1286 1321 1324 in

52 1340 126 1378 eius
147 1351 253 1390 marg.
275 1340 436 1391 quaedam
459 1340 682 1392 adpinxerat,
706 1354 789 1392 quae
813 1341 851 1377 de
874 1339 1073 1389 consulendo
1090 1338 1257 1379 Dukero
1274 1343 1325 1378 ad

59 1394 218 1447 Thucyd.
237 1391 374 1432 Davis.
398 1396 447 1431 ad
467 1394 532 1433 Cic.
556 1394 589 1430 δ’
612 1394 652 1434 L.
677 1394 756 1433 Bos
774 1394 811 1431 in
826 1394 906 1444 Obsi
932 1394 1012 1432 Crit.
1031 1407 1219 1440 monerent,
1234 1396 1321 1432 unde

53 1448 91 1487 6·
109 1463 148 1486 ea
170 1446 261 1486 notis
284 1447 402 1500 nostris
421 1446 543 1498 inserui
554 1478 568 1495 ‚
590 1449 765 1488 monitoris
786 1448 916 1486 nomine
929 1448 1067 1496 addito,
1082 1449 1149 1500 nisi
1160 1449 1214 1487 ubi
1226 1447 1320 1500 sorte

53 1501 138 1540 idem
159 1517 223 1555 per
242 1516 292 1540 me
317 1503 385 1539 iam
408 1501 577 1553 notaffim.

109 1556 218 1595 Nunc
231 1558 269 1593 de
288 1556 400 1594 ceteris
419 1556 655 1602 adminiculis,
679 1555 714 1594 δ’
736 1556 820 1608 quid
835 1555 959 1594 laboris
976 1555 1240 1595 exhauriendum
1255 1557 1321 1595 lia-⁴

55 1610 202 1656 bue'rim,
223 1609 342 1663 quidve
367 1625 404 1649 eo
426 1611 641 1663 praestiterim
656 1639 670 1656 ,
697 1610 779 1649 milii
802 1612 968 1649 docendus
989 1625 1035 1648 es.
1067 1610 1131 1648 Ex
1153 1610 1319 1650 Brodaei

54 1663 207 1704 miscell.
229 1679 318 1716 quas
344 1664 381 1702 in
406 1666 613 1717 Lampadem
635 1665 783 1703 criticam
812 1665 922 1702 retulit
953 1666 1146 1709 Gruterus,
1171 1665 1320 1714 plurima

57 1733 185 1772 quoque
203 1718 346 1770 inserui,
370 1720 431 1770 etfi
450 1718 540 1756 levia
558 1717 660 1772 fizepe
672 1718 782 1769 sunt,
798 1718 834 1756 ὅ·
850 1718 899 1756 ita
918 1718 1036 1769 vitiose
1054 1719 1090 1756 in
1113 1718 1176 1755 illa
1198 1720 1320 1756 crebris

55 1773 177 1826 ubique
197 1772 315 1810 naevis
332 1773 508 1824 obfuscata
524 1771 608 1824 ᾔτεε
625 1771 796 1825 εκρνςῌᾶ,
817 1783 857 1811 ut
873 1775 923 1810 ad
940 1773 1087 1810 auHoris
1102 1785 1240 1809 mentem
1253 1785 1320 1822 po·-

57 1827 128 1866 tius
140 1857 152 1876 ,
172 1841 272 1879 quam
290 1827 340 1864 ad
357 1826 413 1871 id,
433 1828 524 1879 quod
540 1827 644 1866 literis
664 1825 851 1880 expreffum
873 1826 1018 1878 legitur,
1030 1826 1132 1878 ſszepe
1146 1826 1320 1877 respicienn

56 1884 137 1920 dum
147 1880 279 1932 fuerit:
304 1882 453 1919 dandum
479 1893 588 1919 tamen
612 1881 847 1920 boc-omnium
855 1909 871 1926 ‚
894 1895 980 1933 quos
997 1881 1106 1925 novi,
1121 1880 1231 1932 primo
1246 1880 1323 1918 Lu·

57 1935 148 1975 ciani
165 1935 412 1974 commentatori
449 1936 524 1981 uit,
550 1948 590 1973 ut
618 1937 690 1974 eius
713 1946 880 1974 annotata
904 1939 1097 1987 plerumque
1121 1935 1320 1986 pedm-via,

57 1989 94 2028 δ’
111 2001 302 2029 contextum
314 1989 479 2028 interdum
496 1991 574 2028 bene
589 1990 800 2029 emendantia
816 2001 1031 2042 repeterentur
1035 2003 1052 2035 ,·
1071 2003 1171 2041 quare
1191 2004 1229 2026 ea
1243 2001 1320 2028 tan-

59 2057 130 2084 tum
147 2045 243 2096 omisi
249 2074 262 2091 ,
281 2058 365 2096 quae
384 2044 485 2082 nimis
502 2044 647 2098 puerilia
667 2045 888 2090 videbantur,
907 2054 947 2082 ut
959 2045 1096 2096 quando
1116 2044 1165 2081 ad
1182 2046 1320 2083 verbum

58 2097 224 2138 πέπονθα
239 2111 372 2144 monet,
390 2098 429 2137 id
446 2097 508 2151 effi
522 2114 545 2137 a
565 2098 721 2150 πάσχω
731 2129 745 2146 ,
763 2099 821 2137 vel
837 2097 1042 2150 siaorapsie
1054 2126 1064 2143 ,
1083 2114 1104 2136 a
1118 2096 1318 2151 ὃιειπείρω,

59 2152 96 2191 δ’
107 2153 232 2204 fimilis
247 2150 413 2202 farinae,·
435 2153 598 2192 interdum
621 2153 656 2191 6²
676 2169 740 2199 ea,
768 2168 853 2206 quae
872 2153 971 2191 aliud
984 2164 1090 2203 agens
1106 2152 1143 2190 in
1163 2153 1319 2191 Luciano

60 2210 230 2253 emendat,
249 2206 312 2255 sed
331 2222 416 2259 quae
433 2207 535 2246 nimis
562 2208 706 2261 disperfiz
729 2206 916 2260 conquirere
930 2222 998 2245 non
1015 2206 1125 2259 potui.

122 2261 209 2299 Tum
235 2262 334 2299 etiam
365 2261 627 2300 communicatae
650 2277 774 2301 mecum
796 2260 894 2313 fuere
923 2274 1022 2300 notae
1048 2275 1153 2300 manu
1170 2259 1320 2314 scriptae

60 2313 122 2354 Fr.
137 2313 290 2362 Guieti,
311 2330 353 2353 ex
369 2316 491 2368 quibus
509 2315 606 2368 Aeg.
628 2316 853 2367 Menagium
867 2315 938 2366 sua
950 2315 1063 2354 omnia
1083 2315 1225 2366 hausisti*
1237 2315 1321 2355 mihi

57 2368 266 2423 persuadeo,
294 2370 343 2407 ita
366 2372 415 2408 ad
437 2371 570 2408 verbum
595 2373 707 2409 eadem
729 2371 848 2422 ubique
872 2371 971 2408 lzabet
980 2399 995 2416 ,
1020 2385 1105 2422 quae
1125 2369 1293 2409 Guietus
1305 2400 1320 2417 ‚

61 2438 128 2476 quo
143 2422 294 2473 defitnflo
307 2422 430 2476 forsan
450 2428 570 2462 naHus
587 2427 630 2479 est
649 2425 820 2477 exemplar
833 2425 997 2471 Luciani‚
1020 2425 1055 2462 in
1076 2424 1173 2463 cuius
1193 2425 1321 2475 margi-

61 2488 135 2516 nem
149 2475 313 2516 Guietus
323 2479 434 2517 breves
446 2478 536 2530 suas
549 2480 839 2518 commentationes
852 2477 886 2514 δ’
900 2480 1103 2518 conieffuras
1119 2479 1321 2525 coniecerat,

62 2545 149 2584 quas
174 2531 287 2569 deinde
304 2531 486 2583 describens
504 2534 618 2572 auxit.
640 2533 732 2571 Sunt
750 2535 834 2572 enim
849 2531 982 2572 Guieti
1003 2533 1080 2570 illae
1101 2533 1234 2571 notulae
1253 2533 1322 2570 ali·-

64 2596 191 2639 quanto
205 2584 319 2638 plures
330 2616 343 2631 ,
364 2602 464 2638 quam
483 2603 568 2641 quas
581 2587 787 2641 Menagius
802 2588 891 2626 dedit
897 2602 913 2634 ,-
932 2587 968 2625 δ’
989 2598 1126 2626 veterem
1138 2585 1245 2639 fuiſj‘e
1256 2601 1324 2640 po,

82 2638 87 2643 ’
132 2639 308 2686 Luczatz.
334 2640 417 2686 Vol.
436 2643 476 2687 I.
