1737 3378
400 216 496 275 4&
607 207 1484 256 ANNoTATtoNEs

402 310 489 338 mae
505 296 646 336 decore
663 295 868 337 nudatum:
896 296 913 346 §
939 310 981 349 13
997 326 1007 341 ,
1023 295 1064 335 ἐκ
1078 294 1204 334 πηλοῦ
1217 294 1296 347 <zoe
1309 296 1522 344 πεποίηκα,
1542 297 1607 338 καὶ
1626 297 1678 339 ‘rb'

399 357 496 391 τέως
516 351 684 390 ἀκίνητον
703 350 756 390 εἰς
770 351 908 390 κίνησιν
927 348 1103 402 ἤγαγον·
1121 350 1198 389 hoc
1211 348 1266 389 est
1280 349 1373 390 illud
1395 349 1583 402 ἀτρεμεῖν,
1601 366 1677 392 orn·

401 408 465 445 λον
481 400 575 443 εἶναι
593 405 771 445 ἀκίνητον.
792 403 927 456 Quam
942 404 994 443 ob
1007 416 1087 442 rem
1101 403 1260 443 Luciani
1273 404 1391 443 verba
1406 405 1520 444 talem
1534 405 1678 445 habent

399 458 549 497 sensum
565 471 574 496 :
595 470 707 497 utrum
722 459 950 511 planenullus
971 457 1121 497 homines
1134 457 1314 509 oportuiffiz
1328 459 1457 504 creari,
1470 458 1537 510 sed
1554 459 1674 506 melius

392 512 523 565 fhff,
536 515 574 564 si
584 524 695 552 motus
717 524 866 565 expertes
877 541 890 558 ,
907 526 946 551 ut
965 524 1062 550 erant
1072 541 1086 558 ,
1106 511 1390 564 conquiefi‘erent,
1409 524 1498 552 terra
1515 513 1674 553 nimirum

395 565 541 619 prorsus
562 565 719 617 infhrmis
738 579 836 620 atque
861 578 933 604 arte
948 566 1046 605 nulla
1065 566 1251 604 elaborata.
1279 565 1399 605 Error
1417 566 1674 619 interpretum

400 622 440 659 in
455 633 505 660 eo
523 620 696 661 versatus
707 619 780 661 fuit
790 651 800 667 ‚
813 620 919 673 quod
932 618 1009 672 γῆν
1023 631 1103 658 non
1120 619 1315 659 materiam
1331 620 1586 660 creandorum
1601 620 1675 660 ho-

400 674 572 720 minum,
591 674 653 715 sed
673 675 738 714 vel
759 686 946 713 terrarum
967 672 1103 712 orbem
1118 704 1130 722 ‚
1150 673 1215 712 vel
1233 684 1374 712 terram
1399 686 1676 727 quamcunque

398 728 535 768 rudem
550 729 817 768 intellexerint.
828 727 1003 781 Propert.
1018 725 1073 765 III
1084 757 1097 774 ,
1112 742 1130 780 3
1143 758 1154 776 ,
1170 740 1208 766 v.
1225 742 1272 780 29
1283 758 1294 775 ‚
1315 743 1336 766 o
1343 728 1456 780 prima
1470 727 1674 821 infelixsfin-

394 784 488 834 genti
509 794 595 821 terra
614 783 822 822 Prometheo.
844 781 970 833 Quod
985 779 1012 819 fi
1028 781 1121 820 haec
1136 779 1334 820 referenda
1347 780 1474 821 forent
1489 782 1534 821 ad
1548 782 1584 836 ip
1603 795 1673 822 um

397 848 592 876 terrarum
614 837 770 883 orbem,
787 846 831 875 ut
856 836 945 875 sane
960 833 1123 874 voluiffe
1141 835 1295 875 videtur
1310 834 1567 885 Gronovius,
1587 834 1676 875 scri-

395 890 567 930 bendum
584 891 749 929 omnino
771 889 917 937 fuerat,
943 888 1117 941 ἀτρεμεῖν
1141 890 1187 929 ἄν
1212 887 1278 929 τὴν
1299 887 1374 942 ’γῆν
1403 892 1534 930 άλλως
1559 885 1675 931 οὖσαν

402 944 651 997 ἀνέργαστον.
674 945 838 983 HEMST.

454 997 706 1051 ἱὸὶιί.”οντοις)
724 998 884 1037 Mallem
907 995 1056 1036 ἐῶντας.
1070 1005 1113 1035 ut
1126 994 1244 1035 simile
1258 994 1304 1034 fit
1324 995 1382 1042 ei,
1400 996 1510 1050 quod
1527 997 1566 1037 in
1578 997 1675 1051 Ἓρμ.

399 1052 552 1092 adhibet
562 1082 573 1099 ‚
588 1065 620 1092 c.
636 1066 697 1105 35.
710 1051 771 1091 sed
787 1053 825 1090 in
844 1051 946 1090 libris
961 1050 1055 1089 nihil
1071 1050 1130 1090 hic
1144 1048 1304 1089 subsidii.
1317 1049 1478 1091 SOLAN.

451 1109 526 1145 ead.
541 1107 564 1145 l.
577 1120 614 1157 7.
635 1107 705 1145 Καὶ
726 1105 797 1146 τῶν
818 1104 911 1157 ἀνθρ.
953 1105 1021 1142 Καὶ
1038 1104 1217 1143 abundat.
1234 1104 1376 1143 BROD.

451 1163 525 1199 ead.
539 1162 560 1198 l.
579 1173 639 1199 10.
654 1159 912 1212 Ἀπέινθρωπον
953 1158 1013 1197 Ab
1025 1156 1225 1209 Aeschylo
1239 1156 1369 1197 sumsit
1383 1159 1421 1198 in
1432 1157 1473 1199 P.
1483 1157 1535 1198 V.
1547 1172 1588 1199 v.
1607 1171 1674 1206 20,

395 1224 442 1255 ut
457 1213 563 1268 reete
575 1214 733 1254 Stanleo
749 1214 803 1254 est
816 1211 1080 1267 observatum.
1099 1213 1264 1252 HEMST.

451 1270 531 1307 ibid.
554 1267 615 1309 Ἤν
636 1269 754 1307 τοίνυν
773 1267 926 1320 πάλαι)
949 1265 1013 1306 Ὡς
1032 1267 1072 1306 ἦν
1096 1266 1213 1305 τοίνυν
1234 1265 1376 1306 πάλαι·
1397 1276 1502 1320 patet
1519 1279 1569 1307 ex
1596 1266 1613 1316 §
1635 1279 1674 1319 9.

397 1322 593 1362 MARclL.
618 1323 704 1361 Hac
727 1321 1022 1374 interpungendi
1046 1320 1216 1366 ratione,
1234 1333 1351 1373 quam
1374 1322 1414 1360 δι
1434 1320 1493 1360 ed.
1507 1320 1536 1359 I.
1559 1333 1672 1374 prae-

397 1376 494 1422 fert,
511 1377 643 1416 omnia
659 1376 768 1422 sana,
790 1388 917 1428 neque
930 1375 1096 1414 Marcilii
1114 1374 1260 1413 medela
1281 1386 1382 1427 opus
1401 1373 1467 1414 est.
1489 1374 1576 1414 Nos
1591 1385 1674 1414 tan-

394 1441 481 1469 tum
507 1429 773 1482 parenthesin,
800 1442 902 1484 quae
927 1439 1039 1469 antea
1070 1441 1152 1468 non
1175 1428 1407 1478 notabatur,
1432 1427 1518 1483 post
1540 1429 1672 1470 πάλαι

395 1484 624 1524 addidimus.
646 1484 806 1524 SOLAN.
1486 1499 1489 1504 ·

453 1540 547 1591 Pag.
566 1539 651 1588 148.
669 1540 692 1578 l.
706 1553 741 1577 2.
755 1537 828 1578 Ἀεὶ
841 1536 921 1591 ’γάρ
941 1536 1001 1591 τι)
1017 1534 1254 1577 parenthesis
1272 1535 1312 1576 in
1328 1548 1430 1578 voce
1444 1535 1510 1576 καὶ
1528 1535 1672 1576 κάλλος

394 1593 634 1633 terminatur.
655 1594 797 1633 BROD.

448 1648 529 1687 ibid.
555 1647 818 1701 Προβουλεὺω)
838 1645 986 1685 Alludit
1011 1643 1267 1685 Prometheus
1295 1643 1343 1684 ad
1369 1656 1514 1685 nomen
1537 1642 1673 1684 suum:

394 1714 484 1741 nam
506 1701 697 1753 προμηθεῖν
717 1701 758 1741 &
771 1700 1027 1752 προβουλεύειν
1040 1698 1128 1738 sunt
1143 1699 1255 1738 idem.
1272 1698 1401 1739 CLER.

449 1759 526 1795 ead.
542 1757 568 1795 l.
582 1770 619 1807 7.
638 1754 741 1805 Ἡμῖν
759 1752 891 1795 αὐτοῖς
911 1753 1176 1807 προσεοικότα)
1192 1753 1246 1792 Ea
1260 1751 1333 1792 fuit
1349 1752 1505 1806 Epicuri
1520 1751 1671 1793 senten-

393 1809 468 1859 tia,
489 1809 593 1850 5εοὺς
616 1809 936 1862 ἀνθρωπομόρφους
958 1804 1051 1848 εἶναι
1065 1806 1279 1856 sentientis,
1300 1807 1408 1861 quod
1426 1807 1466 1846 in
1487 1820 1571 1846 eam
1585 1817 1670 1846 tan-

394 1874 480 1904 tum
503 1864 670 1904 formam
694 1864 793 1904 ratio
815 1864 978 1902 caderet.
995 1863 1138 1902 BRon.
1155 1861 1347 1915 Epicurus
1365 1861 1544 1901 statuerat
1558 1859 1670 1901 Deos

393 1917 727 1972 ἀνθρωπομόρφους·
749 1918 1001 1958 Prometheus
1021 1915 1131 1969 fingit
1151 1915 1330 1956 homines
1349 1915 1580 1968 ὃεομόρφους.
1605 1914 1670 1955 Est

393 1984 527 2012 autem
544 1973 582 2012 in
601 1973 660 2012 his
673 1971 801 2012 verbis
816 1972 946 2011 oratio
958 1983 1038 2011 non
1058 1971 1224 2023 legitime
1245 1982 1438 2017 connexa,
1453 1969 1562 2022 quod
1573 1969 1669 2010 ἀνοι-

393 2026 560 2066 κὸλουθον
572 2026 828 2067 Grammatici
850 2037 1011 2065 vocant:
1033 2023 1145 2064 istum
1160 2024 1335 2064 ordinem
1350 2032 1585 2076 conceperat
1593 2023 1670 2063 Lu·

392 2081 551 2127 cianus,
573 2083 650 2120 τὰς
667 2082 812 2133 μορφὰς
828 2080 898 2130 μὲν
919 2077 1004 2130 ἡμῖν
1024 2074 1155 2119 αὐτοῖς
1173 2078 1442 2131 προσεοικότα,
1467 2079 1593 2118 θνητὰ
1619 2077 1668 2118 se

390 2135 521 2186 μέντοι
539 2131 644 2174 αὐτὰ
661 2130 755 2174 ε’ἷνοιι
766 2165 778 2183 ,
797 2133 862 2173 καὶ
873 2130 1201 2186 εὖμηχοινώτοιτοι
1215 2129 1343 2173 ἄλλως
1362 2131 1437 2172 &c.
1453 2144 1592 2172 verum
1608 2133 1666 2171 in-

393 2189 616 2229 terveniens
644 2188 827 2228 sententia
853 2187 985 2227 seriem
1013 2187 1113 2227 hanc
1136 2187 1358 2240 abrumpit,
1381 2186 1666 2240 mutandaeque

393 2243 608 2283 verborum
625 2243 838 2283 strueturae
857 2241 1102 2282 occasionem
1124 2241 1294 2295 praebet.
1310 2242 1474 2281 HEMST.

446 2301 521 2337 ead.
536 2299 562 2338 l.
582 2310 642 2338 10.
661 2295 760 2337 Αὐτὸ
778 2292 1014 2346 εἷναι)”Εστι
1036 2295 1277 2336 scribendum
1294 2295 1446 2335 videtur
1466 2307 1540 2348 pro
1557 2289 1666 2335 εἶναι.

393 2350 549 2393 Ουιετ.

446 2408 520 2445 ead.
534 2407 558 2445 l.
579 2418 594 2444 1
604 2420 638 2445 2.
652 2407 765 2444 Κοιτέι
776 2407 837 2445 τὸν
852 2407 1045 2445 ’ποιητικὸν
1055 2404 1112 2457 λ.)
1130 2403 1241 2443 Γαῖαν
1255 2400 1340 2443 {Isse
1354 2402 1488 2456 φύρειν.
1501 2401 1663 2444 Hefiod.

394 2461 430 2500 ἐν
448 2465 483 2500 E.
506 2459 571 2499 καὶ
594 2465 666 2510 Ημ.
687 2473 725 2500 v.
746 2460 961 2500 61.BR0D.
982 2457 1174 2499 Hesiodus
1188 2458 1309 2511 Oper.
1334 2459 1377 2499 &
1394 2457 1512 2500 Dieb.
1533 2471 1574 2501 v.
1588 2456 1663 2505 61;

393 2527 630 2569 quamquam
650 2514 703 2554 ibi
726 2514 772 2554 de
787 2513 962 2555 Pandora
979 2511 1105 2555 sermo
1125 2512 1190 2555 est.
1212 2512 1372 2554 δοῖ-ΑΝ.
