1737 3378
405 223 496 285 325
602 214 1470 263 ANNOTATIONES

457 310 532 346 ead.
549 306 573 345 l.
593 319 630 356 7.
647 304 775 346 Δαλόν
793 305 895 358 τινα)
914 303 1099 358 Manifl‘fle
1120 306 1270 344 declarat
1292 306 1439 346 titionem
1458 308 1493 346 in
1522 306 1673 347 Timom’s

401 361 565 400 Lucianei
576 361 767 414 principio,
786 359 860 398 Ier.
881 358 1070 399 Hoelzlin.
1091 358 1137 397 ad
1152 357 1339 412 Apollon.
1358 359 1438 407 111,
1461 374 1548 413 291.
1564 361 1670 401 vide-

401 425 465 453 tur
486 412 591 454 sane:
615 413 676 453 sed
698 413 855 467 propria
875 413 937 451 vis
961 411 1033 459 est,
1054 424 1172 464 quam
1198 413 1315 465 origo
1334 413 1517 453 vocabuli
1539 413 1672 467 postu-

399 467 476 513 lat,
492 468 640 507 titionis
661 467 824 507 ardentis
846 465 888 505 δι
904 463 1063 505 accensi.
1083 464 1333 506 Grammatici
1355 479 1508 507 veteres
1523 467 1569 507 ad
1593 466 1672 508 od.

401 520 446 561 E.
463 521 540 569 488
553 550 563 568 ‚
590 521 769 574 διάπυρον
790 519 910 572 ξύλον,
931 519 971 558 &
991 518 1163 572 pluribus
1182 519 1421 571 Hesychius:
1444 520 1564 560 suabe
1588 521 1671 560 &vrb

400 572 470 613 τοῦ
490 574 619 625 βωμοῦ
635 575 822 615 Antonin.
844 573 969 613 Liber.
994 586 1027 613 c.
1049 572 1195 612 XVIII.
1216 575 1317 613 ambu
1345 589 1401 612 um
1419 586 1534 613 torrem
1556 574 1672 613 chon·-

400 644 483 668 neus
502 631 544 668 ab
567 645 629 668 ara
656 629 821 682 Corripit,
846 627 982 679 Virgil.
1005 626 1106 665 Aen.
1130 625 1226 674 XII,
1256 641 1304 680 29
1335 657 1345 667 .
1366 631 1490 667 Δαλον
1513 626 1671 668 Gloffae

400 684 548 722 titionem
568 684 607 722 &
632 695 748 721 torrem
767 691 980 734 exponunt.
1001 681 1164 719 Titionem
1178 681 1306 733 vulgus
1316 681 1468 734 appellat
1487 685 1670 720 extrui-lum

393 737 479 788 fhco
498 749 613 776 torrem
624 737 828 789 finziustum‚
847 735 1060 788 exstinetam.-
1081 733 1250 774 LaRant.
1276 735 1352 780 IV,
1397 747 1455 787 ag.
1480 749 1568 788 394.
1580 734 1672 774 Vid.

398 791 496 831 Pric.
518 791 564 830 ad
583 790 698 843 Apul.
725 790 820 829 Met.
843 802 879 840 p.
907 801 992 840 392.
1020 787 1130 827 Ludit
1154 788 1303 828 Arnob.
1327 790 1364 828 V
1397 820 1409 836 ,
1435 802 1472 840 p.
1495 800 1594 841 209,
1622 788 1670 827 ri-

400 846 550 884 ciniatus
574 845 745 898 Iuppiter,
763 855 861 895 atque
881 842 1044 880 barbatus
1056 871 1069 887 ,
1091 845 1227 894 dexte-ra
1239 841 1393 893 fomitem
1404 842 1574 894 fitstt'nens
1591 856 1669 895 per-

402 899 552 938 dolatum
569 899 604 936 in
620 897 782 949 ficlmz'm's
800 911 930 935 morem.
956 895 1120 934 HEMST.

455 955 530 990 ead.
553 952 576 989 l.
599 963 633 1003 9.
656 948 878 990 Ἀπολαύειν
899 946 965 987 τοῦ
988 948 1231 1011 τραύματος)
1252 948 1371 996 Sunt,
1395 948 1461 1002 qui
1474 948 1567 989 haec
1583 961 1673 989 ver-

400 1005 450 1044 ba
466 1036 479 1052 ,
498 1004 604 1055 μόνον
624 1002 816 1044 καὶτοῦτο
837 1002 980 1042 οἴεσθαι
1002 1001 1209 1042 απολαύειν
1220 999 1286 1042 τοῦ
1305 1002 1538 1054 τραύματος,
1562 1003 1672 1042 intel-

399 1059 522 1111 ligunt
540 1059 585 1098 de
606 1059 666 1103 iis,
687 1059 724 1096 in
739 1061 838 1111 quos
855 1056 1028 1117 Iuppiter
1042 1056 1149 1108 ignes
1163 1055 1252 1096 suos
1267 1056 1452 1104 intentet3
1471 1068 1541 1095 eos
1559 1057 1673 1096 nimi-

399 1126 487 1152 rum
503 1113 575 1152 dici
591 1111 824 1161 existimare,
846 1109 884 1150 se
906 1123 946 1149 ιη
965 1123 1015 1149 eo
1036 1120 1186 1150 tantum
1205 1110 1305 1150 affici
1319 1110 1368 1149 ab
1385 1108 1549 1150 immisso
1568 1110 1671 1163 igne,

401 1167 508 1219 quod
523 1166 629 1206 oculi
653 1165 809 1219 fuligine
828 1164 1073 1218 impleantur.
1094 1163 1150 1203 At
1174 1177 1253 1203 non
1275 1177 1350 1216 ego
1373 1176 1477 1204 certe
1500 1163 1674 1204 detrecto

399 1220 582 1260 accedere
594 1222 745 1274 optimo
757 1233 846 1260 meo
861 1218 1059 1271 quondam
1071 1217 1237 1267 doctori,
1247 1218 1324 1258 Iac.
1337 1217 1564 1265 Gronovio,
1585 1216 1670 1270 (cui

399 1287 474 1328 pro
495 1275 612 1327 digno
634 1275 675 1314 δι
701 1273 800 1314 iusto
821 1273 1019 1324 ἓιὸακτρῳ
1043 1271 1137 1311 nihil
1161 1273 1285 1312 maius
1307 1285 1494 1326 reponere
1519 1271 1672 1318 habeo,

399 1342 517 1380 quam
530 1339 700 1368 aeternas
715 1329 866 1381 gratias,
886 1324 1092 1379 pectusque
1107 1326 1188 1365 eius
1203 1326 1348 1366 nomini
1365 1323 1671 1379 devotissimum)

400 1381 498 1421 haec
513 1383 630 1421 verba
643 1382 689 1421 ad
705 1381 827 1435 ipsum
840 1382 977 1420 Iovem
990 1379 1179 1419 referenti.
1192 1379 1322 1419 Liceat
1335 1391 1462 1420 tamen
1476 1378 1588 1419 nobis
1599 1393 1672 1419 va-

400 1435 479 1474 rios
498 1434 566 1475 τοῦ
587 1432 800 1475 ἀπολαύειν
824 1434 914 1474 usus
933 1434 972 1473 in
996 1433 1162 1472 medium
1187 1432 1371 1486 proferre.
1397 1434 1444 1472 Τὸ
1467 1432 1674 1473 ἀπολαύειν

401 1502 476 1543 pro
484 1488 562 1541 frui
581 1505 614 1528 re
624 1501 725 1542 grata
741 1490 775 1528 δ’
793 1501 952 1540 accepta,
971 1497 1086 1540 atque
1106 1487 1202 1527 adeo
1219 1500 1291 1540 pro
1313 1488 1462 1527 deleflari
1475 1487 1592 1538 srut‘lu
1606 1488 1674 1526 ali-

401 1543 500 1582 cuius
515 1544 561 1582 rei
570 1574 581 1589 ,
602 1542 732 1596 paffim
748 1542 858 1589 sumi,
870 1555 930 1581 res
942 1541 996 1581 est
1014 1540 1215 1581 notissima.
1234 1541 1293 1580 Est
1307 1553 1438 1582 tamen
1451 1554 1531 1581 non
1545 1540 1675 1591 semel,

400 1597 470 1636 ubi
486 1596 691 1637 ἀπολαύειν
706 1597 751 1637 de
764 1597 866 1636 malo
881 1594 1096 1649 usurpatur.
1110 1595 1227 1648 Apud
1240 1594 1426 1636 Nostrum
1441 1595 1479 1634 in
1490 1594 1672 1635 Deorum

400 1651 486 1690 dial.
502 1652 539 1691 X
552 1651 618 1691 Sol
634 1665 798 1704 querens
812 1650 931 1690 multa
947 1649 1194 1690 incommoda
1207 1662 1255 1689 ex
1266 1649 1452 1690 trinoctio
1463 1649 1570 1690 Iovis
1581 1661 1672 1690 cum

400 1705 617 1745 Alcumena
646 1705 859 1745 concubitu
886 1704 1058 1752 oritura3
1080 1704 1185 1744 viam
1207 1714 1285 1743 tam
1313 1704 1377 1744 diu
1407 1716 1489 1744 non
1517 1703 1672 1752 tritam,

399 1760 512 1812 equis
523 1759 708 1800 Phoebeis
719 1759 802 1800 fore
812 1758 1080 1804 difficiliorem,
1093 1757 1343 1810 hominesque
1355 1758 1393 1797 in
1403 1757 1569 1798 tenebris
1579 1769 1675 1798 con-

399 1812 584 1863 seffur053
604 1814 755 1853 tandem
772 1813 837 1860 ait,
853 1811 1020 1851 Τοιαῦτα
1035 1811 1323 1852 ἀπολαύσονται
1338 1810 1408 1851 τῶν
1422 1814 1508 1851 Διὀς
1521 1811 1671 1862 ἐρώτων.

399 1867 622 1919 Respondet
639 1869 756 1920 paulo
771 1867 855 1921 post
870 1867 1110 1911 Mercurius,
1127 1867 1283 1913 Σιώπα,
1304 1860 1330 1905 ἕῧ
1346 1859 1470 1914 Ἥλιε,
1486 1865 1539 1914 μή
1553 1879 1590 1904 τι
1603 1880 1673 1904 κα-

400 1925 461 1961 κον
480 1920 703 1971 ἀπολαύσῃς
722 1922 796 1961 τῶν
823 1921 959 1974 λόγων.
984 1918 1200 1960 Clariffime
1217 1932 1377 1973 quoque
1402 1919 1454 1959 D.
1479 1918 1532 1958 D.
1552 1917 1673 1966 XXI,

402 1973 456 2015 013
478 1978 556 2029 γὰρ
577 1976 746 2024 ἀσφαλὲς
759 1976 868 2029 λέγει
883 1978 936 2012 τὰ
952 1972 1120 2013 τοιαῦτα
1133 2005 1145 2023 ‚
1162 1971 1215 2024 μή
1233 1975 1300 2012 καί
1313 1988 1350 2012 τι
1367 1976 1480 2012 κακον
1497 1971 1672 2012 ἀπολαύο

401 2045 524 2077 σωμεν
546 2029 610 2069 τῆς
624 2031 824 2082 φλυαρίας.
847 2029 889 2068 In
908 2028 1196 2079 Necyomantia
1216 2027 1231 2077 §
1255 2041 1300 2077 17
1316 2028 1362 2067 de
1382 2024 1586 2073 Mausolo,
1603 2026 1672 2080 qui

401 2084 538 2123 dicitur
552 2082 729 2123 τοσοῦτον
743 2082 947 2122 ἀπολαύων
961 2081 1028 2120 τοι]
1038 2078 1235 2132 μνήματος
1249 2113 1260 2130 ,
1279 2082 1371 2133 παρ’
1383 2080 1465 2121 ὅσον
1480 2080 1670 2133 ἐβαρύνετο

400 2135 621 2176 τηλικοῦτον
637 2139 755 2191 αχθος
772 2136 1013 2186 ἐπικείμενος.
1028 2137 1102 2176 Hic
1117 2135 1225 2175 sicuti
1237 2148 1316 2175 non
1335 2134 1447 2189 plane
1461 2134 1499 2174 in
1515 2134 1671 2183 malam,

398 2191 450 2230 ita
469 2205 537 2231 nec
555 2192 715 2231 omnino
732 2193 770 2230 in
789 2191 933 2230 bonam
955 2202 1100 2243 partem
1120 2188 1278 2229 sumitur
1303 2187 1505 2236 ἀπολαύω,
1524 2199 1562 2228 at
1583 2189 1669 2228 iro-

400 2245 489 2284 nice
513 2245 655 2298 potius.
678 2246 849 2285 Tantum
863 2274 873 2290 ‚
898 2245 948 2284 ait
972 2243 1117 2284 facetus
1138 2243 1297 2291 Noster,
1320 2241 1521 2282 Mausolus
1538 2242 1586 2282 ab
1608 2241 1671 2283 su·

398 2300 522 2351 perbo
541 2298 609 2340 fibi
629 2299 756 2352 posito
779 2309 1035 2339 monumento
1059 2298 1246 2344 afficitur,
1267 2306 1455 2349 quantum
1484 2306 1670 2348 gravatus

400 2352 467 2400 est,
482 2363 593 2393 tanto
609 2354 767 2406 ponderi
782 2352 1047 2392 succumbens.
1060 2351 1102 2391 In
1116 2350 1309 2391 Phalaride
1323 2351 1369 2390 de
1383 2350 1544 2397 Perilao,
1559 2350 1673 2390 aenei

401 2406 514 2446 bovis
535 2405 781 2455 fabricatore,
805 2408 923 2458 inque
948 2406 1053 2446 illum
1079 2406 1206 2459 primo
1228 2403 1395 2450 incluso,
1415 2403 1430 2442 ὃ
1450 2403 1518 2453 μὲν
1535 2402 1671 2443 &inam

400 2458 592 2514 ἔπασχεν,
608 2460 809 2500 ἀπολαύων
823 2460 889 2502 τῆς
905 2457 1023 2499 αὑτοῦ
1037 2455 1287 2512 εύμηχανίας.
1308 2456 1560 2498 Acerbiffima
1574 2470 1666 2510 pro-

396 2512 500 2556 fecto
524 2516 617 2556 haec
637 2516 678 2556 δι
703 2513 849 2555 letifera
872 2513 1100 2555 ἀπόλαυσις.
1114 2513 1160 2553 In
1177 2510 1479 2567 Pseudologista:
1502 2508 1569 2552 Οῖς
1587 2509 1671 2556 inm
