1737 3378
370 225 467 270 454
572 199 1442 251 ANNOTATIONES

371 311 448 335 rem.
465 293 574 332 Haec
592 303 777 333 notantur
789 293 835 332 ad
850 294 1058 346 marginem
1072 295 1122 332 A.
1143 308 1157 332 1
1183 297 1242 332 W.
1259 294 1643 332 Hemsrtnnusms.

425 350 501 384 ead.
515 348 538 384 l.
554 362 588 394 4.
608 352 702 386 Φαλ.
719 347 735 400 )
752 351 918 398 Φάληρος
933 348 1066 395 λειμὼν
1085 347 1257 397 ἀοίδιμος
1275 345 1645 396 'Afflimpo’tv-VORST.

370 399 526 453 Scripsit
536 401 740 448 Vorstius,
765 401 929 441 scribere
947 400 1077 440 saltem
1102 401 1258 447 debuit,
1276 397 1397 450 λιμήν.
1413 400 1572 440 SOLAN.

372 488 1637 501 ——t———a-——u-——n-——ss

543 533 644 577 IN
711 534 1478 580 PROMETHEUM.

431 614 523 664 Pag.
543 626 628 665 137.
641 615 664 653 l.
684 628 717 653 1.
736 614 901 667 ΠΡΟΜ.)
917 614 958 652 In
972 614 1047 654 hoc
1064 615 1104 654 δι
1119 613 1221 666 seqq.
1238 612 1416 653 Deorum
1431 626 1508 655 tam
1525 614 1648 655 coele-

376 666 489 706 stium
506 680 625 720 quam
651 669 890 707 marinorum
912 668 1074 720 dialogis
1093 668 1232 720 duplex
1258 667 1414 707 Luciani
1434 668 1652 708 institutum

376 720 452 759 effe
467 722 635 761 videtur:
656 722 821 773 primum
836 733 879 760 ut
894 720 1040 760 fabulas
1051 721 1307 774 elegantiores
1322 732 1497 771 enarret3
1515 722 1652 762 secun-

377 774 486 821 dum,
497 787 539 814 ut
553 788 652 827 quae
666 777 703 814 in
719 775 774 814 his
786 778 988 826 poetarum
1001 774 1190 827 figmentis
1204 789 1225 814 a
1240 775 1383 815 decoro
1394 776 1516 816 aliena
1528 787 1656 825 erant,

378 829 474 867 viris
485 829 767 868 cordatioribus
781 829 981 868 deridenda
997 830 1234 881 propinaret:
1257 830 1363 881 quod
1377 830 1426 869 ab
1445 843 1494 870 eo
1515 843 1561 870 ea
1574 830 1653 870 ele-

379 883 507 934 gantia
520 883 560 922 &
575 883 713 935 ingenii
725 883 836 922 laude
849 882 1068 935 praestitum
1081 883 1148 929 est,
1159 895 1258 935 quae
1271 882 1357 935 ipsis
1368 884 1654 937 propemodum

380 935 606 975 Christianis
626 938 690 975 vix
710 937 917 989 quidquam
938 936 1073 989 reliqui
1095 936 1194 976 fecit.
1214 935 1314 976 Inest
1328 948 1435 977 certe
1449 949 1576 977 tantus
1599 938 1655 977 le-

380 1002 475 1042 p05‚
495 989 766 1043 urbanitasque
784 1004 872 1030 cum
896 991 937 1029 vi
959 991 1092 1030 critica
1110 990 1339 1036 coniun&a‚
1360 1001 1403 1030 ut
1423 991 1471 1030 ab
1494 991 1656 1031 homine

379 1055 462 1081 non
483 1042 699 1083 Christiano
716 1043 936 1091 desiderari,
955 1045 1095 1084 nedum
1116 1043 1255 1098 sperari
1274 1045 1439 1097 amplius
1453 1045 1550 1099 quid
1571 1058 1655 1086 non

380 1095 508 1149 possit.
524 1098 685 1137 Souna.

435 1153 502 1189 ead
523 1152 546 1191 l.
560 1168 595 1200 4.
612 1152 655 1190 ‘O
667 1152 735 1200 μὲν
748 1151 978 1205 Καύκασος)
996 1152 1105 1204 Quid
1125 1152 1258 1205 legerit
1273 1151 1505 1193 Ottomarus
1520 1151 1657 1192 Lusci-

382 1204 494 1250 nius‚
511 1205 622 1245 huius
635 1206 776 1258 dialogi
793 1206 996 1259 interpres,
1014 1220 1092 1246 non
1106 1207 1241 1246 video:
1262 1208 1426 1246 omnino
1436 1207 1535 1246 aliud
1547 1205 1657 1260 legis-

382 1258 420 1297 se
435 1259 674 1300 statuendum
697 1260 771 1299 est.-
788 1259 842 1298 sat
865 1259 1063 1300 monuisse.
1082 1261 1253 1300 BoURD.
1271 1261 1397 1300 Huius
1421 1261 1563 1300 montis
1585 1262 1657 1300 de—

382 1310 632 1364 scriptionem
652 1315 752 1365 apud
774 1314 983 1353 Arrian.ir1
1001 1315 1053 1353 V.
1071 1317 1118 1353 A.
1135 1315 1198 1353 lib.
1221 1313 1278 1353 ΙΙΙ
1297 1315 1473 1366 reperies.
1496 1314 1659 1354 Prome·

384 1366 518 1405 theum
532 1381 630 1408 vero
646 1369 806 1406 affixum
822 1367 928 1407 fuiffe
941 1369 986 1407 ad
1001 1368 1219 1407 Caucasum
1232 1379 1309 1407 tam
1325 1369 1432 1408 multi
1447 1368 1661 1416 affirmant,

386 1431 429 1458 ut
443 1422 510 1459 vix
525 1423 655 1474 negari
670 1421 792 1474 poffit.
807 1423 897 1461 Hoc
914 1422 1084 1474 inprimis
1097 1422 1252 1461 testatur
1266 1422 1408 1461 Cicero
1421 1422 1482 1461 lib.
1495 1422 1531 1461 ΙΙ
1541 1422 1659 1462 Tul'c.

385 1473 551 1524 Quaest.
566 1477 655 1515 Hoc
669 1477 781 1515 etiam
798 1476 987 1528 Apollon.
1002 1476 1094 1529 Arg.
1112 1476 1145 1514 ll
1163 1477 1198 1515 in
1212 1476 1288 1515 fine
1299 1475 1435 1523 affe-rit,
1457 1476 1563 1529 quod
1576 1477 1664 1516 eius

385 1527 576 1580 interpres
588 1531 774 1570 affirmat:
792 1530 886 1570 illud
901 1529 1021 1583 ipsum
1037 1529 1254 1577 Pausanias,
1267 1531 1423 1570 Servius
1439 1529 1479 1570 δι
1492 1530 1554 1569 alii
1567 1530 1663 1571 mul-

386 1582 422 1619 ti.
440 1581 589 1623 COGN.

441 1641 514 1675 ead.
529 1639 553 1675 l.
577 1652 634 1677 10.
648 1638 919 1692 Ἐπιμὺνειεν)
939 1639 982 1677 In
1003 1639 1084 1677 edd.
1102 1638 1275 1691 vulgans
1288 1637 1504 1687 ἐπαμύνειν.
1522 1638 1612 1678 Sola
1626 1639 1660 1678 Ι.

386 1688 570 1731 δύνωνται
583 1693 731 1732 addidit.
744 1694 798 1731 Fl.
809 1703 938 1731 tamen
952 1705 1032 1732 non
1047 1703 1152 1746 eget,
1166 1692 1308 1745 quippe
1322 1704 1423 1744 quae
1437 1692 1663 1741 ἑποιμὺνειεν

386 1745 592 1792 exhibeat,
614 1747 721 1799 quod
737 1760 875 1786 verum
890 1748 930 1786 ὅ(
950 1747 1185 1786 Lucianeum
1203 1757 1313 1799 puto.
1328 1745 1486 1786 SOLAN.
1503 1745 1661 1786 Veriffi-

387 1812 453 1838 ma
461 1801 497 1837 F
495 1800 516 1837 l.
526 1800 583 1838 ed.
595 1801 725 1840 lediio:
740 1800 932 1840 Iuntinam
946 1801 1216 1853 interpolatam
1227 1799 1301 1840 esse
1313 1800 1451 1839 clamat
1461 1800 1553 1840 illud
1563 1800 1664 1839 ἑποι-

386 1852 508 1904 μὺνειν
529 1853 725 1894 summm.
741 1854 972 1894 putaveram
993 1855 1088 1894 olim
1108 1854 1310 1893 insititiam
1326 1853 1400 1892 effe
1422 1853 1452 1892 οἱ
1471 1853 1663 1906 ἂνθρωποι,

389 1909 429 1947 δι
443 1938 456 1955 ,
475 1920 563 1946 cum
583 1909 749 1961 primum
768 1909 813 1948 ad
835 1908 1059 1962 explicanda
1075 1911 1130 1946 τὰ
1150 1909 1380 1957 πλάσματα.
1401 1904 1516 1947 αὐτοῦ
1537 1907 1662 1948 suisset

389 1960 618 2013 adscriptum
631 1993 644 2008 ,
664 1962 748 2014 post
763 1963 802 2001 in
817 1973 1042 2002 contextum
1059 1961 1222 2001 venisse.-
1245 1974 1333 2000 nam
1350 1961 1556 2002 commode
1569 1975 1661 2014 pro-

389 2016 545 2059 cedunt,
558 2012 605 2053 ὧς
616 2015 670 2065 μὴ
686 2015 889 2065 ἐπαμύνειν
906 2011 1010 2064 αὗτᾷῐ
1023 2018 1076 2055 τὰ.
1088 2017 1315 2065 πλάσματα,
1328 2011 1457 2055 αὖτοῦ.
1473 2016 1587 2054 Nunc
1601 2029 1662 2055 re-

390 2079 527 2122 ceptae
538 2069 691 2108 leffioni
707 2070 844 2109 lubens
857 2068 1068 2123 acquiesco.
1086 2069 1290 2121 Aeschylo
1301 2100 1316 2116 ,
1332 2070 1447 2109 cuius
1464 2067 1633 2109 fabulam
1646 2099 1660 2115 ,

388 2137 595 2177 antequam
619 2124 712 2164 haec
727 2123 923 2168 scriberet.
944 2137 965 2162 a
982 2124 1154 2164 Luciano
1175 2123 1380 2162 leffltatam
1403 2122 1532 2169 fuisse,
1554 2123 1665 2163 facile

390 2178 620 2230 deprehendi
637 2178 780 2229 potest,
793 2178 1045 2218 Prometheus
1061 2180 1235 2231 λεωργος,
1252 2177 1517 2230 ἀνθρωποποιὸς
1531 2177 1662 2217 Tatia-

391 2246 448 2272 no
460 2231 530 2272 Or.
549 2232 594 2271 ad
608 2231 744 2271 Graec.
763 2245 844 2285 pag.
873 2247 938 2280 42.
952 2238 1066 2271 auflor
1078 2233 1172 2286 vulgi
1180 2232 1299 2283 fiHilis
1319 2231 1490 2271 Phaedro
1503 2231 1576 2279 lv,
1597 2244 1659 2280 ¹4·

390 2288 485 2327 Ideo
499 2286 675 2325 homines
687 2287 736 2325 ab
750 2285 831 2338 ipso
845 2285 922 2326 fiffi
935 2286 1162 2333 πλάσματα
1174 2283 1297 2325 πηλοῦ
1309 2285 1507 2338 Aristoph.
1525 2285 1602 2324 Av.
1615 2299 1656 2324 v.

387 2342 484 2391 687.
501 2339 781 2379 πηλὸπλαστον
802 2340 953 2393 σπέρμα
968 2338 1154 2390 Aeschyl.
1177 2339 1279 2393 apud
1299 2338 1420 2378 Procl.
1439 2339 1485 2378 ad
1502 2337 1660 2378 Hefiod.

389 2409 428 2449 p.
443 2395 506 2442 46.
519 2394 780 2433 Retinuerunt
792 2394 984 2435 Graecam
997 2406 1138 2434 vocem
1152 2393 1355 2433 Christiani
1368 2392 1569 2446 scriptores
1584 2393 1660 2432 La-

390 2449 475 2488 tini:
493 2447 680 2487 Dracont.
705 2449 806 2488 Hex.
822 2463 860 2489 v.
882 2463 925 2502 31
940 2461 971 2498 ι,
985 2448 1150 2488 Ρνοὶἑεενε
1163 2464 1220 2488 nec
1228 2447 1476 2502 plafinasuum
1489 2447 1566 2488 vult
1579 2461 1659 2488 con·

390 2503 479 2544 ditor
490 2503 576 2544 aevi.
599 2503 764 2542 HEMST.
