1737 3378
439 216 530 281 3&
639 210 1513 261 ANNoTAT1oNEs

399 352 404 357 .
433 306 673 357 scripturam.
695 301 798 343 Coll.
821 301 863 342 &
885 301 925 342 P.
943 299 1070 342 ἄδικα.
1091 300 1243 352 ‘roe-37¹&
1263 303 1396 343 παλαι
1413 303 1519 355 μὲν
1503 303 1638 345 εκεῖνοι.
1665 303 1717 346 Εέ

436 371 506 397 σοι.
525 358 685 398 SOLAN.
704 356 811 396 Nihil
836 356 1072 397 admodum
1063 368 1172 397 iuvat
1186 358 1244 397 ed.
1262 357 1437 398 Iuntinae
1455 357 1590 406 lenio,
1596 372 1714 424 „quae

435 422 481 450 ut
502 411 579 464 ipsa
601 410 713 470 poffit
727 409 954 457 consistere,
974 412 1187 451 mutatione
1202 411 1316 452 habet
1335 424 1456 464 opus:
1481 427 1562 452 πως
1574 415 1633 452 οὖν
1645 409 1714 452 οὐκ,

436 466 563 504 ἄδικα,
584 480 742 512 ταυτα,
767 479 812 504 σε
834 467 964 504 πάλαι
983 464 1051 516 μὲν
1076 466 1216 505 ἐκείνων
1238 466 1444 505 ahimam
1471 466 1547 506 διε.
1573 465 1646 506 Sed
1671 467 1712 506 in

436 532 510 566 eo,
532 519 640 577 quod
661 533 682 558 a
705 496 758 558 F’l.
781 519 840 558 ed.
858 519 1053 571 proditum
1077 519 1268 572 plurimae
1293 520 1478 567 retinent,
1495 519 1713 560 dummodo

436 587 511 627 pro
527 588 592 612 σου
615 572 818 619 reicribas,
840 584 883 612 ut
899 573 937 612 in
960 586 1000 612 re
1020 572 1119 612 facili
1138 573 1342 632 plerique
1334 586 1408 612 lam
1431 574 1638 620 viderunt,
1653 573 1714 620 σὲ,

433 628 531 668 nihil
545 627 599 666 est
607 628 739 680 ,quod
752 640 990 679 quemquam
1006 639 1147 666 morari
1163 626 1275 680 poffit
1287 637 1352 666 aut
1365 625 1573 667 offendere.
1589 626 1714 680 Quae

436 682 469 721 I.
494 682 732 722 Gronovius
756 681 819 720 hic
838 691 1066 733 argutatur,
1091 680 1235 720 nullius
1258 680 1346 720 sunt
1373 682 1497 734 pretii.
1523 681 1624 721 Mox
1641 694 1715 721 au-

435 747 515 776 tem
536 733 583 775 ὧς
607 750 697 786 προς
721 735 786 784 ἑὲμ
807 747 893 773 eam
883 713 967 774 vob
990 733 1143 774 causam
1160 734 1422 781 interseritur,
1432 735 1532 788 quia
1550 735 1716 775 liberali-

434 800 493 829 tas
520 790 582 828 illa
606 789 788 828 Timonis
808 801 899 841 erga
921 788 1018 827 alios
1041 787 1259 828 effufiffima
1284 788 1523 841 praeclarum
1548 798 1631 828 erat
1653 785 1714 828 εὖ·
1736 814 1737 820 1

435 844 547 891 νοι’,ιις
575 853 765 896 quantum
788 842 835 881 ad
854 855 922 881 eos
945 842 1098 894 quidem
1116 842 1323 889 attinebat,
1344 842 1560 896 specimen:
1580 842 1737 883 saltem

433 897 566 936 istam
560 910 599 935 m
620 907 769 949 partem
792 894 858 935 τοῦ
875 896 1036 945 Τίμωνος
1061 899 1104 935 τὸ
1125 897 1228 935 πάνυ
1252 895 1363 935 τοῦτο
1383 897 1582 948 ἀνειμενον,
1603 897 1714 950 quod
1735 882 1737 972 A

435 951 551 991 Pluto
575 960 781 1004 tantopere
808 949 1001 1003 displicet,
1026 951 1309 1002 interpretaturi
1336 961 1447 990 erant
1469 951 1715 998 adulatores,

437 1006 484 1044 ad
509 1018 609 1058 quos
628 1004 780 1044 fruetus
803 1005 891 1043 inde
913 1016 992 1043 non
1017 1004 1322 1044 contemnendus
1344 1004 1602 1044 redundabat:
1625 1005 1714 1045 ideo

435 1058 609 1112 restringi
624 1059 755 1098 debuit
774 1057 867 1098 illud
881 1055 947 1098 οὐκ
963 1053 1138 1104 educam,
1152 1057 1330 1116 apposito
1355 1054 1403 1098 ὥς
1417 1060 1506 1110 πρὶς
1519 1057 1596 1109 ἐμέ.
1614 1057 1714 1098 Pau-

434 1113 477 1153 lo
491 1114 605 1166 post'
591 1129 625 1152 εν
641 1112 782 1165 stupam,
797 1113 904 1178 quod
917 1112 1091 1152 certatim
1108 1113 1357 1166 impugnant,
1373 1110 1618 1152 reffiffimum
1636 1112 1712 1152 est:

433 1169 515 1207 vim
537 1166 862 1228 praepofitionis'
848 1182 881 1207 εν
901 1167 938 1206 in
953 1165 1160 1206 istiusmodi
1180 1167 1310 1207 multis
1328 1166 1515 1220 loquendi
1536 1165 1714 1207 formulis

434 1222 524 1261 alibi
548 1221 633 1261 latis
649 1222 838 1261 munitam
853 1220 1066 1281 praestabo.
1088 1221 1253 1261 HEMST.

488 1277 570 1316 ibid.
597 1276 729 1315 Πάλαι
751 1290 800 1326 με
803 1291 818 1315 ν
842 1290 907 1315 σου
921 1289 1054 1315 ταυτα
1076 1274 1304 1329 αἰτιᾶσθαι)
1331 1273 1470 1314 Scribo
1488 1274 1713 1315 σε.Β1ζου.

434 1330 528 1370 Non
548 1331 682 1384 utique
708 1328 912 1382 fignificabi
916 1340 952 1376 t,
979 1341 1009 1367 te
1033 1329 1069 1368 in
1095 1329 1150 1367 his
1172 1330 1329 1381 accufizre
1347 1328 1414 1368 vel
1435 1331 1555 1368 harum
1574 1344 1682 1368 rerum
1695 1357 1712 1376 ,

434 1395 479 1423 ut
501 1385 658 1425 rebatur
672 1384 719 1423 cl.
740 1383 882 1433 Faber,
905 1385 940 1422 ἃ
954 1384 1043 1423 ideo
1059 1382 1186 1422 scribit
1208 1398 1262 1422 σε.
1283 1381 1411 1422 Potest
1431 1395 1533 1422 emm
1546 1383 1712 1437 intelligi

437 1441 519 1478 lzzec
541 1440 592 1478 tui
610 1438 674 1477 vel
694 1438 783 1476 hanc
803 1450 898 1477 tuam
920 1438 1092 1500 rationem
1105 1437 1185 1476 olim
1191 1436 1387 1504 αεειιβξβέ.
1411 1446 1455 1476 ut
1478 1437 1519 1476 in
1536 1437 1712 1477 Hermo-

434 1494 549 1541 timo,
563 1492 579 1531 ὃ
595 1506 691 1545 ‘your
706 1491 858 1541 Μωμος,
872 1489 1042 1533 ἀκηκοοις
1056 1486 1162 1542 οἶμαι
1178 1489 1293 1530 ἕιτινα.
1306 1489 1494 1530 κτιᾶισοιτο
1506 1488 1573 1530 τοῦ
1585 1490 1713 1541 Ἡφαί-

435 1561 546 1587 στου.
566 1545 624 1586 Ita
643 1546 832 1586 hocloco
856 1546 963 1585 vides
974 1544 1136 1586 eosdem
1157 1546 1213 1585 rei
1236 1545 1277 1585 δι
1303 1535 1488 1606 personae
1509 1543 1643 1592 casus,
1669 1546 1711 1586 in

435 1615 519 1655 quo
537 1602 718 1641 reticetur
733 1609 900 1654 quartus
919 1598 1027 1640 casus
1046 1613 1186 1653 agens,
1207 1600 1299 1653 quia
1312 1598 1419 1654 ipse'
1411 1612 1442 1639 is
1454 1608 1546 1639 erat.
1571 1598 1712 1640 codici

434 1655 672 1696 Academiae
687 1655 919 1708 adscriptum
933 1654 1064 1694 τάλαι
1076 1655 1143 1705 μέν
1157 1669 1242 1693 που.
1264 1653 1336 1694 Sed
1350 1666 1432 1694 non
1446 1652 1710 1694 neceffarium.

434 1707 482 1750 In'
499 1711 647 1750 duabus
668 1709 875 1771 sequentib
870 1722 913 1748 is
931 1708 1074 1748 notulis
1089 1719 1271 1761 apparet,
1292 1709 1456 1748 eundem
1475 1707 1644 1748 Fabrum
1662 1707 1712 1747 si-

435 1765 475 1804 bi
494 1764 621 1805 feciffe
638 1762 834 1811 fraudem,
853 1764 1077 1802 imminutas
1092 1764 1132 1803 &
1147 1763 1364 1802 decurtatas
1378 1762 1710 1824 contemplantem

435 1818 568 1859 nescio
582 1819 684 1858 unde
701 1831 840 1864 voces,
856 1831 957 1871 quae
979 1815 1117 1872 inipso
1135 1826 1324 1858 contextu
1343 1816 1450 1880 sunt
1442 1817 1712 1871 integerrimae

434 1874 478 1912 &
505 1872 748 1927 pleniffimae.
775 1872 923 1913 GRON.

491 1930 564 1966 ead.
577 1928 600 1966 l.
621 1941 679 1981 13
698 1925 769 1965 Τοῦ
781 1942 823 1966 τε
834 1930 915 1979 73⁶?
929 1925 1087 1977 Τίμωνος
1101 1925 1175 1966 &c.
1178 1925 1195 1979 )
1219 1924 1379 1966 Pulchre
1391 1924 1487 1966 vidit
1501 1925 1541 1965 δι
1555 1925 1710 1966 monuit

433 1980 510 2020 Iac.
533 1981 786 2028 Gronovius,
812 1980 979 2020 Fabrum
1004 1982 1042 2019 in
1066 1981 1213 2020 duabus
1235 1981 1281 2019 ad
1303 1981 1398 2020 haec
1411 1979 1534 2019 verba
1557 1978 1644 2032 (του
1663 1993 1710 2020 τε

435 2050 516 2088 ’γᾶς
539 2036 661 2086 ΤΙμ(ι>1’
666 2050 701 2074 ῦς
725 2050 769 2073 70
795 2050 899 2074 πάνυ
925 2037 989 2072 ἂνξ
993 2049 1107 2084 ΙμΕνΟν
1127 2035 1245 2085 &pavie
1250 2049 1280 2081 ς,
1306 2049 1372 2073 καί
1392 2049 1457 2073 uun.
1481 2029 1639 2074 Ευνῦίκσν
1660 2029 1711 2074 ὦς’

434 2105 525 2142 ’προς
541 2089 605 2128 ἐμὲ
621 2089 665 2129 ἂν
679 2088 823 2141 samin)
847 2088 1016 2135 notulis,
1040 2087 1214 2128 fraudem
1235 2088 1302 2127 fibi
1323 2087 1469 2136 fecisse,
1488 2088 1555 2142 qui
1573 2088 1710 2129 decur-

436 2153 515 2182 tata
541 2144 582 2183 &
604 2144 808 2182 imminuta
832 2141 1005 2196 speeiarit
1024 2143 1155 2182 verba.
1180 2142 1313 2182 Priora
1330 2153 1434 2183 certe
1456 2142 1622 2191 nemini,
1639 2141 1707 2182 vel

434 2196 575 2261 leviteer
590 2197 776 2237 hishteris
787 2196 910 2236 aneto
920 2196 1098 2249 possunt
1110 2210 1191 2236 non
1204 2196 1347 2236 censeri
1361 2197 1560 2251 elegantia.
1580 2192 1708 2249 Quod

382 2280 386 2284 -
436 2252 484 2290 ad
511 2248 558 2290 ὣς
583 2267 673 2305 προς
688 2251 759 2316 {a}
791 2228 941 2302 (Faber
962 2251 1030 2290 has
1049 2252 1142 2290 duas
1166 2252 1328 2291 voculas
1351 2252 1497 2297 citans,
1521 2251 1710 2291 omittens

436 2321 544 2358 στρος,
558 2306 713 2359 corrigit
730 2305 782 2345 εἰς
795 2305 858 2356 ἐμ
845 2305 1039 2359 ὲ)3ῐῐ”ιηετ,
1059 2319 1139 2345 non
1160 2305 1258 2345 male
1273 2306 1309 2344 id
1325 2306 1528 2357 vulgatus
1520 2316 1708 2358 interpres

437 2363 529 2413 quod
550 2363 599 2398 ad
620 2377 668 2399 me
692 2362 812 2398 attinet
836 2360 1014 2399 ietldidit:
1043 2359 1189 2424 estque
1199 2360 1347 2399 locutio
1373 2348 1461 2399 alibi
1489 2359 1537 2399 ab
1560 2357 1707 2399 Nostro

437 2424 575 2459 amata.
596 2414 678 2467 lpse
692 2415 840 2453 Timon
866 2413 1023 2478 posthac
1049 2414 1156 2463 §42‚
1179 2413 1224 2451 Ω
1248 2411 1393 2456 Misce
1385 2408 1412 2452 ὦ
1429 2413 1569 2465 Κροῖσε,
1585 2413 1685 2452 και)
1670 2427 1707 2454 εν

436 2475 490 2508 As
494 2480 596 2513 λφοις
611 2465 890 2518 &memma-as
870 2483 917 2506 ως
940 2465 1046 2507 austu
1058 2483 1132 2520 αρα.
1148 2461 1210 2508 ἦτε
1226 2464 1303 2507 ὥς
1288 2482 1380 2519 προς
1391 2472 1454 2507 τὸν
1468 2467 1618 2519 Τίμωνα,
1637 2467 1705 2506 καὶ

434 2537 498 2564 τον
518 2520 675 2574 Τίμωνος
701 2534 877 2563 πλουτον.
902 2522 1010 2562 Nihil
1029 2524 1134 2562 eratis
1157 2525 1206 2561 ad
1233 2523 1406 2563 Timonem
1439 2521 1517 2575 (fic
1534 2533 1705 2576 namque
