1737 3378
988 432 1094 474 AD

458 544 566 603 10.
603 542 1179 601 FREDERICUM
1214 540 1634 597 REITZIUM

415 672 552 740 10.
612 668 1172 738 MATTHIAE
1212 666 1674 735 GESNERI

766 809 805 855 E
839 809 873 853 P
907 809 930 853 1
963 807 992 853 s
1027 808 1072 851 T
1105 807 1152 852 O
1185 806 1224 851 L
1257 806 1313 852 A.

412 977 576 1095 M
571 1063 664 1092 οΝι
677 1064 703 1090 T
716 1063 780 1091 υς
806 1052 849 1090 ab
873 1051 1076 1104 ornatiffimo
1100 1050 1174 1091 viro
1198 1049 1380 1104 chtslenio
1398 1052 1528 1104 nostro,
1537 1050 1680 1105 siquid

419 1111 568 1148 haberem
582 1137 596 1153 ,
631 1121 694 1160 quo
716 1106 817 1157 frons
841 1106 972 1158 operis,
1003 1108 1094 1157 quod
1113 1105 1157 1144 ab
1180 1105 1294 1157 aliquo
1316 1104 1391 1143 inde
1415 1118 1555 1158 tempore
1578 1105 1679 1154 rnoli-

421 1177 510 1208 mur,
530 1160 684 1201 exornari
700 1158 825 1212 poffiet,
845 1171 972 1212 tempus
991 1158 1052 1211 effe
1062 1174 1078 1206 ,-
1099 1159 1166 1197 iam
1181 1159 1316 1211 prodire
1337 1161 1468 1197 tandem
1480 1159 1591 1212 gestire
1604 1159 1678 1197 Lu-

421 1217 582 1262 cianum,
608 1215 643 1253 6³
662 1214 775 1252 oculos
797 1213 969 1252 hominum
990 1224 1089 1265 atque
1113 1227 1235 1251 manus
1252 1212 1389 1264 subire:
1413 1225 1563 1252 excutere
1586 1213 1680 1265 equi-

423 1272 496 1309 dem
518 1269 632 1322 coepi,
659 1282 741 1320 quae
764 1267 798 1305 in
818 1266 958 1318 scidas,
984 1280 1022 1305 ut
1036 1267 1110 1317 fit,
1132 1267 1275 1305 conice&
1297 1267 1434 1318 diversis
1453 1266 1681 1319 temporibus,

416 1324 532 1376 secure
551 1323 665 1361 deinde
680 1321 893 1374 seposueram.
911 1321 982 1359 Sed
1000 1335 1080 1359 mox
1099 1321 1200 1359 abieci
1221 1320 1308 1358 illud
1323 1321 1516 1371 confilium,
1530 1335 1606 1359 cum
1618 1319 1684 1358 ob-

418 1377 587 1429 servarem
601 1407 614 1422 ,
637 1387 764 1428 quanta
791 1387 848 1420 tu,
869 1375 923 1412 vir
942 1375 1111 1426 doHiffime
1124 1404 1138 1420 ‚
1162 1374 1337 1427 diligentia
1362 1375 1397 1412 δ’
1419 1374 1543 1413 iudicio
1565 1373 1602 1413 in
1619 1372 1682 1427 iis-

425 1434 498 1469 dem
517 1431 612 1468 rebus
634 1427 786 1479 versatus
807 1427 908 1480 effes,
927 1443 1090 1480 quamque
1114 1429 1321 1466 metuendum
1339 1427 1438 1480 effa,
1457 1444 1497 1466 ne
1515 1439 1578 1466 aut
1592 1426 1683 1479 fru-

427 1487 492 1533 (lra
509 1485 666 1522 alteruter
685 1483 829 1535 noflrzim
851 1481 1051 1533 exhaufiffit
1069 1482 1162 1520 illum
1175 1482 1348 1534 colligendi
1366 1481 1606 1535 ordinandique
1624 1482 1682 1521 la-

417 1531 558 1584 eorem,
585 1547 647 1574 aut
675 1536 726 1573 bis
752 1536 862 1573 eadem
881 1535 1016 1586 legenda
1039 1534 1231 1587 offerrentur
1250 1535 1444 1583 tenoribus,
1466 1538 1557 1588 quod
1572 1536 1683 1588 poste·

427 1591 499 1628 rius
513 1601 608 1628 tanto
630 1588 740 1639 magis
757 1588 933 1628 vitandum
945 1601 1018 1626 erat
1033 1589 1273 1628 incommodum
1284 1619 1298 1635 ,
1318 1604 1384 1641 quo
1404 1589 1515 1641 magis
1527 1590 1604 1627 vela
1617 1604 1682 1629 nos

426 1643 639 1688 contrahere,
651 1643 686 1680 6³
706 1642 860 1680 brevitati
871 1643 1000 1694 studere
1018 1642 1139 1681 iuberet
1157 1641 1407 1694 ἑργσῶὠκτυς
1418 1643 1524 1694 noster
1538 1643 1597 1680 W
1591 1644 1680 1696 erste-

428 1698 520 1736 nius.
544 1698 603 1735 Ne
622 1709 732 1734 tamen
750 1697 852 1748 plane
874 1695 1085 1746 ἀσύμβολος
1110 1697 1152 1734 ab
1173 1697 1235 1735 hoc
1259 1697 1350 1734 velut
1365 1696 1475 1750 primo
1501 1696 1598 1748 miffu
1617 1698 1682 1735 da·

421 1766 507 1804 pum
522 1749 765 1788 Lucianearum
780 1749 968 1800 discedam,
988 1751 1089 1788 iuvat
1102 1750 1226 1801 paucis
1247 1765 1286 1788 ea
1305 1750 1361 1788 vel
1370 1751 1465 1803 apud
1484 1762 1515 1788 te
1539 1765 1684 1790 comme-

429 1819 580 1850 morare,
605 1804 662 1841 vel
684 1803 743 1840 tibi
768 1805 1020 1849 commendare,
1042 1818 1126 1856 quae
1147 1803 1216 1841 illis
1236 1804 1415 1856 partibus,
1447 1819 1534 1856 quas
1553 1804 1590 1842 in
1617 1804 1682 1844 ltoc

427 1873 520 1911 opere
536 1870 634 1910 atque
654 1871 783 1895 munere
803 1857 919 1895 adhue
928 1857 1071 1910 fizflinui
1083 1888 1094 1905 ,
1118 1857 1318 1896 videbuntur
1340 1858 1575 1898 coniunctiora.

495 1912 594 1950 Nam
617 1914 657 1949 de
687 1910 759 1963 ipso
783 1910 936 1949 Luciano
964 1912 1068 1949 dicere
1091 1923 1197 1949 totum
1231 1911 1291 1949 tibi
1315 1912 1486 1964 relinquo,
1521 1926 1595 1950 cum
1619 1910 1703 1951 vix·

428 1966 565 2004 aliunde
580 1995 592 2013 ,
621 1979 721 2016 quam
747 1979 791 2002 ex
814 1965 916 2016 ipsius
938 1964 1055 2003 libellis
1077 1964 1205 2004 hauriri
1233 1967 1374 2017 poffint,
1397 1980 1482 2018 quae
1505 1967 1555 2003 ad
1570 1964 1684 2018 ipsum

424 2020 610 2072 pertinent:
630 2033 714 2070 quos
739 2018 797 2055 tibi
820 2019 871 2055 ita
893 2029 990 2057 notos
1012 2017 1089 2069 effi,
1111 2031 1150 2056 ut
1170 2021 1288 2057 domus
1301 2019 1417 2071 cuique
1438 2020 1481 2072 est
1493 2019 1565 2071 fita
1576 2048 1591 2065 ,
1615 2033 1681 2071 ap-

427 2085 537 2127 paret.
559 2074 620 2111 De
647 2072 764 2110 libellis
786 2072 978 2124 quibusdam
1000 2073 1083 2124 quid
1097 2071 1254 2124 sentirem
1267 2102 1278 2117 ‚
1293 2074 1414 2124 paffim
1434 2073 1504 2112 iam
1513 2102 1528 2119 ,
1543 2074 1582 2110 de
1594 2073 1685 2110 Plu·-

431 2126 595 2178 lopatria‘e
624 2126 722 2164 etiarn
752 2127 837 2177 iusta
862 2125 1108 2181 disputatione,
1139 2126 1299 2164 indicavi.
1328 2127 1510 2174 Placetne,
1540 2129 1579 2165 de
1605 2126 1687 2165 aHis

430 2181 630 2234 quibusdam
650 2180 708 2217 hic
727 2179 868 2218 breviter
883 2185 971 2229 serre
993 2195 1042 2218 me
1053 2177 1277 2231 fitffragium,
1297 2195 1381 2233 quos
1399 2192 1437 2219 tu
1451 2180 1598 2220 calculos
1601 2178 1684 2233 sbr-

429 2247 460 2273 te
477 2248 522 2272 aa
549 2233 749 2284 Catalogum
776 2232 1008 2286 opusculorum
1034 2232 1164 2284 referes.
1187 2233 1298 2284 Igitur

486 2290 676 2325 AMORES
698 2303 765 2326 non
786 2287 944 2324 videntur
962 2287 1106 2326 Luciani
1125 2287 1198 2338 effe.
1219 2288 1312 2325 Sunt
1329 2298 1411 2327 cene
1427 2286 1566 2326 alterius
1580 2287 1684 2339 plane

433 2342 656 2387 chamaam,
672 2341 705 2378 δ’
722 2341 827 2379 multo
847 2341 950 2393 magia
962 2370 975 2388 ,
993 2356 1092 2393 qnam
1113 2343 1154 2392 est
1170 2341 1239 2393 ipse
1256 2341 1451 2388 Lucianus,
1466 2341 1656 2394 Sophistici.

485 2395 572 2433 IMA
581 2406 713 2432 G1NE3
743 2406 867 2439 totum,
890 2406 1038 2446 quantus
1058 2396 1121 2447 est,
1138 2394 1323 2433 Lucianum
1334 2396 1468 2447 spirant
1481 2395 1515 2432 ἃ·
1527 2394 1682 2445 referunt.

485 2450 712 2488 IUPPITER
731 2459 1052 2494 CONFUTATUS,
1073 2447 1107 2484 ὁ·
1126 2448 1212 2486 alter
1232 2448 1287 2485 ille
1302 2458 1578 2486 TRAGOEDUS
1597 2449 1685 2488 mul·

431 2514 503 2541 tum
533 2503 614 2541 mim
638 2514 792 2539 viaeatur
817 2511 863 2539 aa
889 2504 1092 2539 evertendam
1116 2502 1377 2554 superstitionem
1389 2532 1404 2548 ,
1432 2502 1467 2540 6·
1486 2503 1590 2553 fidem
1613 2502 1686 2542 Dis

432 2557 503 2604 illis
525 2558 752 2608 abrogandam
773 2555 956 2608 contuleffi.
984 2556 1160 2607 Referendi
1176 2557 1209 2594 lu·
1227 2555 1325 2594 libelli
1349 2558 1398 2595 ad
1410 2555 1606 2610 Apologias
1619 2570 1686 2609 pro
