<?xml version="1.0" encoding="UTF-8"?>
<!DOCTYPE html PUBLIC "-//W3C//DTD XHTML 1.0 Transitional//EN"
    "http://www.w3.org/TR/xhtml1/DTD/xhtml1-transitional.dtd">
<html xmlns="http://www.w3.org/1999/xhtml" xml:lang="en" lang="en">
 <head>
  <title>
</title>
<meta http-equiv="Content-Type" content="text/html;charset=utf-8" />
  <meta name='ocr-system' content='tesseract 3.04.00' />
  <meta name='ocr-capabilities' content='ocr_page ocr_carea ocr_par ocr_line ocrx_word'/>
</head>
<body>
  <div class='ocr_page' id='page_1' title='image "./operagraeceetlat01luciuoft/operagraeceetlat01luciuoft_0441.png"; bbox 0 0 1737 3378; ppageno 0'>
   <div class='ocr_carea' id='block_1_1' title="bbox 191 203 1320 267">
    <p class='ocr_par' dir='ltr' id='par_1_1' title="bbox 191 203 1320 267">
     <span class='ocr_line' id='line_1_1' title="bbox 191 203 1320 267; baseline -0.001 -16"><span class='ocrx_word' id='word_1_1' title='bbox 191 206 271 252; x_wconf 91' lang='lat' dir='ltr'><strong>IN</strong></span> <span class='ocrx_word' id='word_1_2' title='bbox 305 205 678 252; x_wconf 88' lang='lat' dir='ltr'>IUDICIUM</span> <span class='ocrx_word' id='word_1_3' title='bbox 713 203 1146 252; x_wconf 84' lang='lat' dir='ltr'><strong>VOCALIUM.</strong></span> <span class='ocrx_word' id='word_1_4' title='bbox 1234 220 1320 267; x_wconf 81' lang='lat'><strong>313</strong></span> 
     </span>
    </p>
   </div>
   <div class='ocr_carea' id='block_1_2' title="bbox 39 292 1333 2550">
    <p class='ocr_par' dir='ltr' id='par_1_2' title="bbox 39 292 1333 2550">
     <span class='ocr_line' id='line_1_2' title="bbox 65 292 1330 348; baseline -0.005 -13"><span class='ocrx_word' id='word_1_5' title='bbox 65 293 186 335; x_wconf 88' lang='lat' dir='ltr'><strong>modo</strong></span> <span class='ocrx_word' id='word_1_6' title='bbox 199 308 370 348; x_wconf 90' lang='lat' dir='ltr'><strong>unquam</strong></span> <span class='ocrx_word' id='word_1_7' title='bbox 386 325 396 344; x_wconf 92' lang='lat'><strong>,</strong></span> <span class='ocrx_word' id='word_1_8' title='bbox 412 295 606 341; x_wconf 77' lang='grc' dir='ltr'>Κίλιττοιν,</span> <span class='ocrx_word' id='word_1_9' title='bbox 622 293 808 346; x_wconf 66' lang='grc' dir='ltr'>Κρῆττοιν,</span> <span class='ocrx_word' id='word_1_10' title='bbox 821 295 989 334; x_wconf 55' lang='lat' dir='ltr'><strong>&amp;voertam</strong></span> <span class='ocrx_word' id='word_1_11' title='bbox 1007 294 1119 345; x_wconf 83' lang='lat' dir='ltr'><strong>leges.</strong></span> <span class='ocrx_word' id='word_1_12' title='bbox 1136 292 1330 336; x_wconf 69' lang='grc' dir='ltr'>Λυκαβητ-</span> 
     </span>
     <span class='ocr_line' id='line_1_3' title="bbox 63 346 1329 399; baseline -0.003 -12"><span class='ocrx_word' id='word_1_13' title='bbox 63 350 140 395; x_wconf 69' lang='grc' dir='ltr'><strong>τὸς,</strong></span> <span class='ocrx_word' id='word_1_14' title='bbox 161 346 351 399; x_wconf 59' lang='grc' dir='ltr'>Ὑμηττὸς</span> <span class='ocrx_word' id='word_1_15' title='bbox 374 348 689 388; x_wconf 86' lang='lat' dir='ltr'><strong>constantiffimus</strong></span> <span class='ocrx_word' id='word_1_16' title='bbox 711 347 799 387; x_wconf 91' lang='lat' dir='ltr'><strong>usus</strong></span> <span class='ocrx_word' id='word_1_17' title='bbox 818 347 958 395; x_wconf 82' lang='lat' dir='ltr'>sanxit,</span> <span class='ocrx_word' id='word_1_18' title='bbox 980 348 1021 386; x_wconf 68' lang='grc' dir='ltr'><strong>δι</strong></span> <span class='ocrx_word' id='word_1_19' title='bbox 1037 348 1082 385; x_wconf 91' lang='lat' dir='ltr'><strong>ad</strong></span> <span class='ocrx_word' id='word_1_20' title='bbox 1103 346 1203 398; x_wconf 91' lang='lat' dir='ltr'><strong>ipsos</strong></span> <span class='ocrx_word' id='word_1_21' title='bbox 1226 346 1329 384; x_wconf 85' lang='lat' dir='ltr'><strong>Lati-</strong></span> 
     </span>
     <span class='ocr_line' id='line_1_4' title="bbox 63 398 1330 452; baseline -0.001 -12"><span class='ocrx_word' id='word_1_22' title='bbox 63 413 137 440; x_wconf 88' lang='lat' dir='ltr'><strong>nos</strong></span> <span class='ocrx_word' id='word_1_23' title='bbox 159 402 379 443; x_wconf 84' lang='lat' dir='ltr'><strong>transmifit:</strong></span> <span class='ocrx_word' id='word_1_24' title='bbox 402 412 536 442; x_wconf 89' lang='lat' dir='ltr'><strong>contra</strong></span> <span class='ocrx_word' id='word_1_25' title='bbox 557 402 655 441; x_wconf 90' lang='lat' dir='ltr'><strong>cedo</strong></span> <span class='ocrx_word' id='word_1_26' title='bbox 682 402 774 440; x_wconf 87' lang='lat' dir='ltr'><strong>mihi</strong></span> <span class='ocrx_word' id='word_1_27' title='bbox 798 401 863 440; x_wconf 90' lang='lat' dir='ltr'><strong>vel</strong></span> <span class='ocrx_word' id='word_1_28' title='bbox 890 414 1010 439; x_wconf 89' lang='lat' dir='ltr'><strong>unum</strong></span> <span class='ocrx_word' id='word_1_29' title='bbox 1026 430 1036 447; x_wconf 82' lang='lat'>‚</span> <span class='ocrx_word' id='word_1_30' title='bbox 1059 401 1124 452; x_wconf 87' lang='lat' dir='ltr'><strong>qui</strong></span> <span class='ocrx_word' id='word_1_31' title='bbox 1148 398 1330 452; x_wconf 85' lang='lat' dir='ltr'>scripserit</span> 
     </span>
     <span class='ocr_line' id='line_1_5' title="bbox 64 453 1329 508; baseline 0 -16"><span class='ocrx_word' id='word_1_32' title='bbox 64 453 352 508; x_wconf 65' lang='lat' dir='ltr'><strong>‘Ammpvm-rbv</strong></span> <span class='ocrx_word' id='word_1_33' title='bbox 373 466 438 494; x_wconf 82' lang='lat' dir='ltr'><strong>aut</strong></span> <span class='ocrx_word' id='word_1_34' title='bbox 457 456 756 507; x_wconf 67' lang='lat' dir='ltr'><strong>‘Amnoepvn‘t‘rbv‚</strong></span> <span class='ocrx_word' id='word_1_35' title='bbox 776 456 996 504; x_wconf 65' lang='grc' dir='ltr'>Παρναττὶν</span> <span class='ocrx_word' id='word_1_36' title='bbox 1013 464 1078 491; x_wconf 84' lang='lat' dir='ltr'><strong>aut</strong></span> <span class='ocrx_word' id='word_1_37' title='bbox 1101 456 1329 503; x_wconf 68' lang='grc' dir='ltr'>Παρνηττὶιν,</span> 
     </span>
     <span class='ocr_line' id='line_1_6' title="bbox 63 506 1328 559; baseline -0.001 -12"><span class='ocrx_word' id='word_1_38' title='bbox 63 521 180 559; x_wconf 84' lang='lat' dir='ltr'><strong>quam</strong></span> <span class='ocrx_word' id='word_1_39' title='bbox 212 522 301 548; x_wconf 91' lang='lat' dir='ltr'><strong>uam</strong></span> <span class='ocrx_word' id='word_1_40' title='bbox 326 509 387 547; x_wconf 88' lang='lat' dir='ltr'><strong>hic</strong></span> <span class='ocrx_word' id='word_1_41' title='bbox 409 509 448 547; x_wconf 93' lang='lat' dir='ltr'><strong>in</strong></span> <span class='ocrx_word' id='word_1_42' title='bbox 469 508 655 553; x_wconf 87' lang='lat' dir='ltr'>Phocide,</span> <span class='ocrx_word' id='word_1_43' title='bbox 683 508 752 546; x_wconf 90' lang='lat' dir='ltr'><strong>ubi</strong></span> <span class='ocrx_word' id='word_1_44' title='bbox 777 506 923 546; x_wconf 91' lang='lat' dir='ltr'><strong>Dorice</strong></span> <span class='ocrx_word' id='word_1_45' title='bbox 947 507 1224 558; x_wconf 86' lang='lat' dir='ltr'><strong>loquebantur,</strong></span> <span class='ocrx_word' id='word_1_46' title='bbox 1247 519 1328 546; x_wconf 87' lang='lat' dir='ltr'><strong>erat</strong></span> 
     </span>
     <span class='ocr_line' id='line_1_7' title="bbox 64 560 1328 613; baseline -0.001 -13"><span class='ocrx_word' id='word_1_47' title='bbox 64 561 167 600; x_wconf 74' lang='lat' dir='ltr'><strong>situs.</strong></span> <span class='ocrx_word' id='word_1_48' title='bbox 206 561 257 601; x_wconf 86' lang='lat' dir='ltr'><strong>sta</strong></span> <span class='ocrx_word' id='word_1_49' title='bbox 314 562 456 601; x_wconf 88' lang='lat' dir='ltr'><strong>onendi</strong></span> <span class='ocrx_word' id='word_1_50' title='bbox 473 561 606 606; x_wconf 87' lang='lat' dir='ltr'><strong>causa,</strong></span> <span class='ocrx_word' id='word_1_51' title='bbox 625 573 723 613; x_wconf 88' lang='lat' dir='ltr'><strong>quae</strong></span> <span class='ocrx_word' id='word_1_52' title='bbox 736 560 847 599; x_wconf 76' lang='lat' dir='ltr'><strong>latius</strong></span> <span class='ocrx_word' id='word_1_53' title='bbox 864 560 1048 599; x_wconf 81' lang='lat' dir='ltr'><strong>deducere</strong></span> <span class='ocrx_word' id='word_1_54' title='bbox 1066 572 1133 611; x_wconf 90' lang='lat' dir='ltr'><strong>per</strong></span> <span class='ocrx_word' id='word_1_55' title='bbox 1148 570 1328 599; x_wconf 86' lang='lat' dir='ltr'><strong>notarum</strong></span> 
     </span>
     <span class='ocr_line' id='line_1_8' title="bbox 64 612 1330 666; baseline -0.006 -12"><span class='ocrx_word' id='word_1_56' title='bbox 64 614 168 666; x_wconf 86' lang='lat' dir='ltr'><strong>leges</strong></span> <span class='ocrx_word' id='word_1_57' title='bbox 181 628 261 655; x_wconf 91' lang='lat' dir='ltr'><strong>non</strong></span> <span class='ocrx_word' id='word_1_58' title='bbox 292 616 377 655; x_wconf 92' lang='lat' dir='ltr'><strong>icet.</strong></span> <span class='ocrx_word' id='word_1_59' title='bbox 397 615 611 655; x_wconf 67' lang='grc' dir='ltr'>Βασίλισσα</span> <span class='ocrx_word' id='word_1_60' title='bbox 630 625 757 653; x_wconf 85' lang='lat' dir='ltr'><strong>autern</strong></span> <span class='ocrx_word' id='word_1_61' title='bbox 774 644 784 661; x_wconf 82' lang='lat'><strong>,</strong></span> <span class='ocrx_word' id='word_1_62' title='bbox 798 613 899 652; x_wconf 88' lang='lat' dir='ltr'><strong>unde</strong></span> <span class='ocrx_word' id='word_1_63' title='bbox 919 612 1128 652; x_wconf 81' lang='lat' dir='ltr'><strong>formatum</strong></span> <span class='ocrx_word' id='word_1_64' title='bbox 1148 613 1330 657; x_wconf 73' lang='grc' dir='ltr'>βασίλιτ-</span> 
     </span>
     <span class='ocr_line' id='line_1_9' title="bbox 63 666 1329 720; baseline -0.001 -14"><span class='ocrx_word' id='word_1_65' title='bbox 63 681 118 706; x_wconf 73' lang='grc' dir='ltr'><strong>τοι</strong></span> <span class='ocrx_word' id='word_1_66' title='bbox 134 699 145 716; x_wconf 89' lang='grc'><em>,</em></span> <span class='ocrx_word' id='word_1_67' title='bbox 167 681 216 707; x_wconf 91' lang='lat' dir='ltr'><strong>ne</strong></span> <span class='ocrx_word' id='word_1_68' title='bbox 237 668 467 720; x_wconf 88' lang='lat' dir='ltr'>Polybium,</span> <span class='ocrx_word' id='word_1_69' title='bbox 491 667 711 707; x_wconf 90' lang='lat' dir='ltr'><strong>Diodorum</strong></span> <span class='ocrx_word' id='word_1_70' title='bbox 741 667 935 712; x_wconf 86' lang='lat' dir='ltr'><strong>Siculum,</strong></span> <span class='ocrx_word' id='word_1_71' title='bbox 962 666 1134 706; x_wconf 81' lang='lat' dir='ltr'><strong>Graecos</strong></span> <span class='ocrx_word' id='word_1_72' title='bbox 1160 666 1329 705; x_wconf 77' lang='lat' dir='ltr'><strong>Hebraei</strong></span> 
     </span>
     <span class='ocr_line' id='line_1_10' title="bbox 63 719 1329 774; baseline -0.002 -13"><span class='ocrx_word' id='word_1_73' title='bbox 63 720 220 761; x_wconf 88' lang='lat' dir='ltr'><strong>Codicis</strong></span> <span class='ocrx_word' id='word_1_74' title='bbox 240 723 485 774; x_wconf 86' lang='lat' dir='ltr'><strong>interpretes,</strong></span> <span class='ocrx_word' id='word_1_75' title='bbox 498 721 704 774; x_wconf 90' lang='lat' dir='ltr'><strong>Iosephum</strong></span> <span class='ocrx_word' id='word_1_76' title='bbox 725 731 839 773; x_wconf 86' lang='lat' dir='ltr'><strong>atque</strong></span> <span class='ocrx_word' id='word_1_77' title='bbox 864 720 958 759; x_wconf 88' lang='lat' dir='ltr'><strong>alios</strong></span> <span class='ocrx_word' id='word_1_78' title='bbox 975 719 1174 772; x_wconf 90' lang='lat' dir='ltr'><strong>usurpem,</strong></span> <span class='ocrx_word' id='word_1_79' title='bbox 1198 719 1329 758; x_wconf 80' lang='lat' dir='ltr'>Alcaei</span> 
     </span>
     <span class='ocr_line' id='line_1_11' title="bbox 62 772 1333 828; baseline -0.004 -15"><span class='ocrx_word' id='word_1_80' title='bbox 62 774 254 828; x_wconf 75' lang='lat' dir='ltr'>ipsiusque</span> <span class='ocrx_word' id='word_1_81' title='bbox 266 774 482 815; x_wconf 88' lang='lat' dir='ltr'><strong>Aristotelis</strong></span> <span class='ocrx_word' id='word_1_82' title='bbox 496 775 724 815; x_wconf 67' lang='lat' dir='ltr'><strong>au&amp;oritate</strong></span> <span class='ocrx_word' id='word_1_83' title='bbox 737 773 967 813; x_wconf 86' lang='lat' dir='ltr'><strong>defenditur:</strong></span> <span class='ocrx_word' id='word_1_84' title='bbox 987 786 1067 813; x_wconf 93' lang='lat' dir='ltr'><strong>non</strong></span> <span class='ocrx_word' id='word_1_85' title='bbox 1085 782 1196 825; x_wconf 84' lang='lat' dir='ltr'><strong>negat</strong></span> <span class='ocrx_word' id='word_1_86' title='bbox 1209 772 1333 823; x_wconf 84' lang='lat' dir='ltr'><strong>Phry-</strong></span> 
     </span>
     <span class='ocr_line' id='line_1_12' title="bbox 63 826 1331 880; baseline -0.003 -13"><span class='ocrx_word' id='word_1_87' title='bbox 63 828 220 876; x_wconf 88' lang='lat' dir='ltr'><strong>nichus;</strong></span> <span class='ocrx_word' id='word_1_88' title='bbox 237 843 375 869; x_wconf 89' lang='lat' dir='ltr'><strong>verum</strong></span> <span class='ocrx_word' id='word_1_89' title='bbox 397 842 445 868; x_wconf 84' lang='lat' dir='ltr'><strong>ex</strong></span> <span class='ocrx_word' id='word_1_90' title='bbox 469 841 607 868; x_wconf 89' lang='lat' dir='ltr'><strong>eorum</strong></span> <span class='ocrx_word' id='word_1_91' title='bbox 628 827 831 876; x_wconf 82' lang='lat' dir='ltr'><strong>sententia,</strong></span> <span class='ocrx_word' id='word_1_92' title='bbox 851 828 918 880; x_wconf 89' lang='lat' dir='ltr'><strong>qui</strong></span> <span class='ocrx_word' id='word_1_93' title='bbox 941 826 1106 866; x_wconf 61' lang='lat' dir='ltr'><strong>strfflam</strong></span> <span class='ocrx_word' id='word_1_94' title='bbox 1127 826 1237 864; x_wconf 90' lang='lat' dir='ltr'><strong>nimis</strong></span> <span class='ocrx_word' id='word_1_95' title='bbox 1259 826 1331 864; x_wconf 88' lang='lat' dir='ltr'><strong>At-</strong></span> 
     </span>
     <span class='ocr_line' id='line_1_13' title="bbox 61 878 1329 935; baseline -0.002 -14"><span class='ocrx_word' id='word_1_96' title='bbox 61 882 162 921; x_wconf 78' lang='lat' dir='ltr'><strong>ricae</strong></span> <span class='ocrx_word' id='word_1_97' title='bbox 182 883 327 923; x_wconf 71' lang='lat' dir='ltr'><strong>dialeffi</strong></span> <span class='ocrx_word' id='word_1_98' title='bbox 347 881 517 935; x_wconf 84' lang='lat' dir='ltr'><strong>regulam</strong></span> <span class='ocrx_word' id='word_1_99' title='bbox 539 883 809 928; x_wconf 75' lang='lat' dir='ltr'><strong>condiderunt,</strong></span> <span class='ocrx_word' id='word_1_100' title='bbox 827 891 1029 933; x_wconf 85' lang='lat' dir='ltr'><strong>tantopere</strong></span> <span class='ocrx_word' id='word_1_101' title='bbox 1046 878 1266 925; x_wconf 77' lang='lat' dir='ltr'><strong>aversatur,</strong></span> <span class='ocrx_word' id='word_1_102' title='bbox 1288 891 1329 919; x_wconf 90' lang='lat' dir='ltr'><strong>ut</strong></span> 
     </span>
     <span class='ocr_line' id='line_1_14' title="bbox 62 933 1329 989; baseline -0.004 -13"><span class='ocrx_word' id='word_1_103' title='bbox 62 934 141 976; x_wconf 90' lang='lat' dir='ltr'><strong>hoc</strong></span> <span class='ocrx_word' id='word_1_104' title='bbox 167 937 280 975; x_wconf 85' lang='lat' dir='ltr'><strong>etiam</strong></span> <span class='ocrx_word' id='word_1_105' title='bbox 304 947 535 988; x_wconf 82' lang='lat' dir='ltr'><strong>argumento</strong></span> <span class='ocrx_word' id='word_1_106' title='bbox 561 949 645 989; x_wconf 77' lang='lat' dir='ltr'><strong>pag.</strong></span> <span class='ocrx_word' id='word_1_107' title='bbox 673 951 723 984; x_wconf 81' lang='lat'><strong>42</strong></span> <span class='ocrx_word' id='word_1_108' title='bbox 745 934 995 974; x_wconf 84' lang='lat' dir='ltr'><strong>Demostheni</strong></span> <span class='ocrx_word' id='word_1_109' title='bbox 1026 933 1255 973; x_wconf 83' lang='lat' dir='ltr'><strong>Orationem</strong></span> <span class='ocrx_word' id='word_1_110' title='bbox 1289 934 1329 972; x_wconf 90' lang='lat' dir='ltr'><strong>in</strong></span> 
     </span>
     <span class='ocr_line' id='line_1_15' title="bbox 62 986 1329 1042; baseline -0.003 -13"><span class='ocrx_word' id='word_1_111' title='bbox 62 988 254 1029; x_wconf 85' lang='lat' dir='ltr'><strong>Neaeram</strong></span> <span class='ocrx_word' id='word_1_112' title='bbox 272 990 483 1035; x_wconf 72' lang='lat' dir='ltr'><strong>abiu-dicet,</strong></span> <span class='ocrx_word' id='word_1_113' title='bbox 501 991 606 1042; x_wconf 77' lang='lat' dir='ltr'><strong>quocl</strong></span> <span class='ocrx_word' id='word_1_114' title='bbox 622 991 660 1028; x_wconf 90' lang='lat' dir='ltr'><strong>in</strong></span> <span class='ocrx_word' id='word_1_115' title='bbox 684 1002 728 1029; x_wconf 85' lang='lat' dir='ltr'><strong>ea</strong></span> <span class='ocrx_word' id='word_1_116' title='bbox 756 989 853 1041; x_wconf 75' lang='lat' dir='ltr'><strong>regis</strong></span> <span class='ocrx_word' id='word_1_117' title='bbox 875 987 1066 1029; x_wconf 82' lang='lat' dir='ltr'><strong>sacrorum</strong></span> <span class='ocrx_word' id='word_1_118' title='bbox 1093 1001 1195 1026; x_wconf 82' lang='lat' dir='ltr'><strong>uxor</strong></span> <span class='ocrx_word' id='word_1_119' title='bbox 1216 986 1329 1032; x_wconf 69' lang='grc' dir='ltr'>βασί-</span> 
     </span>
     <span class='ocr_line' id='line_1_16' title="bbox 63 1042 1329 1093; baseline -0.001 -12"><span class='ocrx_word' id='word_1_120' title='bbox 63 1053 189 1083; x_wconf 62' lang='grc' dir='ltr'>λισσαι</span> <span class='ocrx_word' id='word_1_121' title='bbox 206 1044 443 1090; x_wconf 85' lang='lat' dir='ltr'><strong>nominetur,</strong></span> <span class='ocrx_word' id='word_1_122' title='bbox 461 1056 541 1083; x_wconf 89' lang='lat' dir='ltr'><strong>non</strong></span> <span class='ocrx_word' id='word_1_123' title='bbox 560 1043 710 1089; x_wconf 65' lang='grc' dir='ltr'>βασιλὶς</span> <span class='ocrx_word' id='word_1_124' title='bbox 729 1043 792 1081; x_wconf 91' lang='lat' dir='ltr'><strong>vel</strong></span> <span class='ocrx_word' id='word_1_125' title='bbox 809 1042 1002 1087; x_wconf 64' lang='grc' dir='ltr'>βασίλειαι·</span> <span class='ocrx_word' id='word_1_126' title='bbox 1017 1054 1097 1093; x_wconf 87' lang='lat' dir='ltr'><strong>quo</strong></span> <span class='ocrx_word' id='word_1_127' title='bbox 1114 1042 1210 1086; x_wconf 86' lang='lat' dir='ltr'><strong>iure,</strong></span> <span class='ocrx_word' id='word_1_128' title='bbox 1225 1054 1329 1080; x_wconf 89' lang='lat' dir='ltr'><strong>nunc</strong></span> 
     </span>
     <span class='ocr_line' id='line_1_17' title="bbox 64 1095 1330 1151; baseline -0.002 -16"><span class='ocrx_word' id='word_1_129' title='bbox 64 1108 145 1136; x_wconf 88' lang='lat' dir='ltr'><strong>non</strong></span> <span class='ocrx_word' id='word_1_130' title='bbox 159 1097 328 1151; x_wconf 84' lang='lat' dir='ltr'><strong>disputo:</strong></span> <span class='ocrx_word' id='word_1_131' title='bbox 349 1108 387 1137; x_wconf 86' lang='lat' dir='ltr'><strong>at</strong></span> <span class='ocrx_word' id='word_1_132' title='bbox 408 1097 604 1137; x_wconf 89' lang='lat' dir='ltr'>Pollucem</span> <span class='ocrx_word' id='word_1_133' title='bbox 626 1107 728 1136; x_wconf 89' lang='lat' dir='ltr'><strong>certe</strong></span> <span class='ocrx_word' id='word_1_134' title='bbox 746 1108 826 1135; x_wconf 89' lang='lat' dir='ltr'><strong>non</strong></span> <span class='ocrx_word' id='word_1_135' title='bbox 844 1095 999 1135; x_wconf 88' lang='lat' dir='ltr'><strong>retinuit</strong></span> <span class='ocrx_word' id='word_1_136' title='bbox 1016 1095 1106 1135; x_wconf 91' lang='lat' dir='ltr'><strong>illud</strong></span> <span class='ocrx_word' id='word_1_137' title='bbox 1123 1095 1330 1134; x_wconf 87' lang='lat' dir='ltr'><strong>Gramma-</strong></span> 
     </span>
     <span class='ocr_line' id='line_1_18' title="bbox 62 1144 1328 1203; baseline -0.002 -14"><span class='ocrx_word' id='word_1_138' title='bbox 62 1151 231 1190; x_wconf 88' lang='lat' dir='ltr'><strong>ticorum</strong></span> <span class='ocrx_word' id='word_1_139' title='bbox 252 1152 469 1197; x_wconf 87' lang='lat' dir='ltr'><strong>decretum,</strong></span> <span class='ocrx_word' id='word_1_140' title='bbox 487 1152 581 1203; x_wconf 90' lang='lat' dir='ltr'><strong>quin</strong></span> <span class='ocrx_word' id='word_1_141' title='bbox 601 1149 777 1190; x_wconf 87' lang='lat' dir='ltr'><strong>scriberet</strong></span> <span class='ocrx_word' id='word_1_142' title='bbox 791 1180 802 1194; x_wconf 91' lang='lat'><strong>,</strong></span> <span class='ocrx_word' id='word_1_143' title='bbox 823 1149 888 1190; x_wconf 74' lang='grc' dir='ltr'>τὴν</span> <span class='ocrx_word' id='word_1_144' title='bbox 908 1149 953 1188; x_wconf 60' lang='grc' dir='ltr'><strong>ἓὲ</strong></span> <span class='ocrx_word' id='word_1_145' title='bbox 966 1146 1201 1189; x_wconf 72' lang='grc' dir='ltr'>συνοικοῦσαν</span> <span class='ocrx_word' id='word_1_146' title='bbox 1223 1144 1328 1197; x_wconf 71' lang='grc' dir='ltr'><strong>αὐτῷ</strong></span> 
     </span>
     <span class='ocr_line' id='line_1_19' title="bbox 63 1201 1328 1256; baseline -0.004 -12"><span class='ocrx_word' id='word_1_147' title='bbox 63 1204 273 1256; x_wconf 71' lang='grc' dir='ltr'>(βασιλεῖ)</span> <span class='ocrx_word' id='word_1_148' title='bbox 296 1205 526 1250; x_wconf 67' lang='grc' dir='ltr'><strong><em>βασίλισσαν</em></strong></span> <span class='ocrx_word' id='word_1_149' title='bbox 548 1202 735 1250; x_wconf 74' lang='grc' dir='ltr'>καλοῦσι,</span> <span class='ocrx_word' id='word_1_150' title='bbox 750 1203 872 1250; x_wconf 83' lang='lat' dir='ltr'><strong>VIII,</strong></span> <span class='ocrx_word' id='word_1_151' title='bbox 897 1217 960 1256; x_wconf 91' lang='lat'><strong>90.</strong></span> <span class='ocrx_word' id='word_1_152' title='bbox 983 1201 1169 1243; x_wconf 90' lang='lat' dir='ltr'><strong>consentit</strong></span> <span class='ocrx_word' id='word_1_153' title='bbox 1192 1201 1328 1240; x_wconf 84' lang='lat' dir='ltr'><strong>Aelius</strong></span> 
     </span>
     <span class='ocr_line' id='line_1_20' title="bbox 63 1254 1330 1323; baseline -0.002 -26"><span class='ocrx_word' id='word_1_154' title='bbox 63 1256 285 1310; x_wconf 78' lang='lat' dir='ltr'><strong>Dionysius</strong></span> <span class='ocrx_word' id='word_1_155' title='bbox 299 1259 400 1323; x_wconf 71' lang='lat' dir='ltr'><strong>apud</strong></span> <span class='ocrx_word' id='word_1_156' title='bbox 415 1257 587 1297; x_wconf 85' lang='lat' dir='ltr'><strong>Eustath.</strong></span> <span class='ocrx_word' id='word_1_157' title='bbox 612 1258 658 1296; x_wconf 87' lang='lat' dir='ltr'><strong>ad</strong></span> <span class='ocrx_word' id='word_1_158' title='bbox 677 1256 754 1297; x_wconf 89' lang='lat' dir='ltr'><strong>Od.</strong></span> <span class='ocrx_word' id='word_1_159' title='bbox 779 1256 839 1303; x_wconf 91' lang='lat' dir='ltr'><strong>A,</strong></span> <span class='ocrx_word' id='word_1_160' title='bbox 857 1271 893 1309; x_wconf 93' lang='lat' dir='ltr'><strong>p.</strong></span> <span class='ocrx_word' id='word_1_161' title='bbox 923 1270 1042 1307; x_wconf 83' lang='lat'>1425:</span> <span class='ocrx_word' id='word_1_162' title='bbox 1061 1254 1128 1294; x_wconf 72' lang='grc' dir='ltr'><strong>τοῦ</strong></span> <span class='ocrx_word' id='word_1_163' title='bbox 1148 1254 1330 1300; x_wconf 68' lang='grc' dir='ltr'>βασιλεὺς</span> 
     </span>
     <span class='ocr_line' id='line_1_21' title="bbox 65 1307 1328 1363; baseline -0.002 -14"><span class='ocrx_word' id='word_1_164' title='bbox 65 1314 109 1350; x_wconf 69' lang='grc' dir='ltr'><strong>τὶ)</strong></span> <span class='ocrx_word' id='word_1_165' title='bbox 129 1314 287 1352; x_wconf 58' lang='grc' dir='ltr'>θηλυκὸν</span> <span class='ocrx_word' id='word_1_166' title='bbox 309 1329 346 1352; x_wconf 85' lang='grc' dir='ltr'><strong>ου</strong></span> <span class='ocrx_word' id='word_1_167' title='bbox 362 1310 467 1363; x_wconf 69' lang='grc' dir='ltr'>μόνον</span> <span class='ocrx_word' id='word_1_168' title='bbox 489 1312 691 1358; x_wconf 74' lang='grc' dir='ltr'>βασίλειοι,</span> <span class='ocrx_word' id='word_1_169' title='bbox 711 1307 758 1350; x_wconf 79' lang='grc' dir='ltr'><strong>ὧς</strong></span> <span class='ocrx_word' id='word_1_170' title='bbox 778 1309 887 1362; x_wconf 75' lang='grc' dir='ltr'>ἱερεὺς</span> <span class='ocrx_word' id='word_1_171' title='bbox 901 1308 1031 1361; x_wconf 52' lang='grc' dir='ltr'>ἱέρεια,</span> <span class='ocrx_word' id='word_1_172' title='bbox 1051 1309 1157 1347; x_wconf 73' lang='grc' dir='ltr'><strong>ἀλλὰ</strong></span> <span class='ocrx_word' id='word_1_173' title='bbox 1172 1308 1239 1347; x_wconf 67' lang='grc' dir='ltr'><strong>καὶ</strong></span> <span class='ocrx_word' id='word_1_174' title='bbox 1256 1310 1328 1353; x_wconf 72' lang='grc' dir='ltr'>βοι-</span> 
     </span>
     <span class='ocr_line' id='line_1_22' title="bbox 64 1362 1327 1412; baseline -0.004 -6"><span class='ocrx_word' id='word_1_175' title='bbox 64 1364 223 1406; x_wconf 71' lang='grc' dir='ltr'>σίλισσοι</span> <span class='ocrx_word' id='word_1_176' title='bbox 243 1369 349 1405; x_wconf 64' lang='grc' dir='ltr'><strong>κατὰ</strong></span> <span class='ocrx_word' id='word_1_177' title='bbox 373 1363 495 1404; x_wconf 72' lang='grc' dir='ltr'>Αἴλιον</span> <span class='ocrx_word' id='word_1_178' title='bbox 516 1364 703 1404; x_wconf 71' lang='grc' dir='ltr'>Διονύσιον</span> <span class='ocrx_word' id='word_1_179' title='bbox 728 1363 919 1403; x_wconf 74' lang='grc' dir='ltr'>Ἀττικῶς·</span> <span class='ocrx_word' id='word_1_180' title='bbox 936 1364 1137 1409; x_wconf 67' lang='grc' dir='ltr'>βασίλιννα</span> <span class='ocrx_word' id='word_1_181' title='bbox 1161 1362 1209 1402; x_wconf 62' lang='lat' dir='ltr'><strong>‹se&#39;</strong></span> <span class='ocrx_word' id='word_1_182' title='bbox 1231 1376 1327 1412; x_wconf 77' lang='grc' dir='ltr'>φησι</span> 
     </span>
     <span class='ocr_line' id='line_1_23' title="bbox 63 1416 1327 1474; baseline -0.003 -16"><span class='ocrx_word' id='word_1_183' title='bbox 63 1419 270 1472; x_wconf 57' lang='grc' dir='ltr'>Μένανὲρος</span> <span class='ocrx_word' id='word_1_184' title='bbox 288 1421 408 1474; x_wconf 65' lang='grc' dir='ltr'>λέγει.</span> <span class='ocrx_word' id='word_1_185' title='bbox 434 1418 510 1458; x_wconf 93' lang='lat' dir='ltr'><strong>hoc</strong></span> <span class='ocrx_word' id='word_1_186' title='bbox 534 1419 608 1458; x_wconf 88' lang='lat' dir='ltr'><strong>iam</strong></span> <span class='ocrx_word' id='word_1_187' title='bbox 635 1419 747 1472; x_wconf 90' lang='lat' dir='ltr'><strong>plane</strong></span> <span class='ocrx_word' id='word_1_188' title='bbox 770 1417 987 1466; x_wconf 86' lang='lat' dir='ltr'><strong>Doricum,</strong></span> <span class='ocrx_word' id='word_1_189' title='bbox 1015 1429 1105 1466; x_wconf 88' lang='lat' dir='ltr'><strong>aut,</strong></span> <span class='ocrx_word' id='word_1_190' title='bbox 1128 1416 1156 1456; x_wconf 78' lang='lat' dir='ltr'><strong>st</strong></span> <span class='ocrx_word' id='word_1_191' title='bbox 1178 1417 1301 1455; x_wconf 87' lang='lat' dir='ltr'><strong>mavis</strong></span> <span class='ocrx_word' id='word_1_192' title='bbox 1315 1447 1327 1465; x_wconf 86' lang='lat'>‚</span> 
     </span>
     <span class='ocr_line' id='line_1_24' title="bbox 62 1470 1328 1525; baseline -0.003 -13"><span class='ocrx_word' id='word_1_193' title='bbox 62 1472 385 1519; x_wconf 85' lang='lat' dir='ltr'><strong>Macedonicum,</strong></span> <span class='ocrx_word' id='word_1_194' title='bbox 408 1472 516 1512; x_wconf 86' lang='lat' dir='ltr'><strong>fimili</strong></span> <span class='ocrx_word' id='word_1_195' title='bbox 535 1471 684 1518; x_wconf 88' lang='lat' dir='ltr'><strong>forma,</strong></span> <span class='ocrx_word' id='word_1_196' title='bbox 702 1485 780 1525; x_wconf 83' lang='lat' dir='ltr'><strong>qua</strong></span> <span class='ocrx_word' id='word_1_197' title='bbox 794 1470 1187 1524; x_wconf 70' lang='lat' dir='ltr'><strong>scribuntur’&#39;prvoe‚</strong></span> <span class='ocrx_word' id='word_1_198' title='bbox 1212 1470 1328 1521; x_wconf 81' lang='grc' dir='ltr'>Κόριν-</span> 
     </span>
     <span class='ocr_line' id='line_1_25' title="bbox 64 1524 1328 1581; baseline -0.003 -15"><span class='ocrx_word' id='word_1_199' title='bbox 64 1540 130 1573; x_wconf 77' lang='grc' dir='ltr'><strong>να,</strong></span> <span class='ocrx_word' id='word_1_200' title='bbox 144 1526 313 1581; x_wconf 69' lang='grc' dir='ltr'>Μύριννιι,</span> <span class='ocrx_word' id='word_1_201' title='bbox 329 1528 488 1575; x_wconf 70' lang='grc' dir='ltr'>Φίλιννα,</span> <span class='ocrx_word' id='word_1_202' title='bbox 500 1527 691 1580; x_wconf 83' lang='lat' dir='ltr'><strong>pluraque</strong></span> <span class='ocrx_word' id='word_1_203' title='bbox 707 1526 804 1565; x_wconf 85' lang='lat' dir='ltr'><strong>talia.</strong></span> <span class='ocrx_word' id='word_1_204' title='bbox 819 1526 1018 1570; x_wconf 80' lang='lat' dir='ltr'><strong>Menandri,</strong></span> <span class='ocrx_word' id='word_1_205' title='bbox 1036 1538 1108 1578; x_wconf 89' lang='lat' dir='ltr'><strong>pro</strong></span> <span class='ocrx_word' id='word_1_206' title='bbox 1124 1538 1205 1576; x_wconf 87' lang='lat' dir='ltr'><strong>quo</strong></span> <span class='ocrx_word' id='word_1_207' title='bbox 1218 1524 1328 1563; x_wconf 82' lang='lat' dir='ltr'><strong>Nun·</strong></span> 
     </span>
     <span class='ocr_line' id='line_1_26' title="bbox 62 1578 1327 1634; baseline -0.002 -14"><span class='ocrx_word' id='word_1_208' title='bbox 62 1580 191 1620; x_wconf 77' lang='lat' dir='ltr'><strong>nesius</strong></span> <span class='ocrx_word' id='word_1_209' title='bbox 211 1582 258 1620; x_wconf 91' lang='lat' dir='ltr'><strong>ad</strong></span> <span class='ocrx_word' id='word_1_210' title='bbox 274 1581 481 1633; x_wconf 84' lang='lat' dir='ltr'><strong>Phrynich.</strong></span> <span class='ocrx_word' id='word_1_211' title='bbox 502 1593 586 1634; x_wconf 83' lang='lat' dir='ltr'><strong>pag.</strong></span> <span class='ocrx_word' id='word_1_212' title='bbox 610 1593 657 1632; x_wconf 86' lang='lat'><strong>45</strong></span> <span class='ocrx_word' id='word_1_213' title='bbox 677 1580 921 1618; x_wconf 81' lang='lat' dir='ltr'><strong>Alexandrum</strong></span> <span class='ocrx_word' id='word_1_214' title='bbox 940 1579 1037 1618; x_wconf 84' lang='lat' dir='ltr'><strong>male</strong></span> <span class='ocrx_word' id='word_1_215' title='bbox 1052 1578 1198 1631; x_wconf 85' lang='lat' dir='ltr'><strong>posuit,</strong></span> <span class='ocrx_word' id='word_1_216' title='bbox 1216 1578 1327 1617; x_wconf 89' lang='lat' dir='ltr'><strong>locus</strong></span> 
     </span>
     <span class='ocr_line' id='line_1_27' title="bbox 63 1631 1325 1688; baseline -0.002 -14"><span class='ocrx_word' id='word_1_217' title='bbox 63 1634 111 1674; x_wconf 84' lang='lat' dir='ltr'><strong>ab</strong></span> <span class='ocrx_word' id='word_1_218' title='bbox 133 1635 299 1675; x_wconf 88' lang='lat' dir='ltr'><strong>Aeliano</strong></span> <span class='ocrx_word' id='word_1_219' title='bbox 320 1635 495 1675; x_wconf 87' lang='lat' dir='ltr'><strong>servatus</strong></span> <span class='ocrx_word' id='word_1_220' title='bbox 517 1634 618 1688; x_wconf 87' lang='lat' dir='ltr'><strong>apud</strong></span> <span class='ocrx_word' id='word_1_221' title='bbox 639 1634 740 1674; x_wconf 88' lang='lat' dir='ltr'><strong>Suid.</strong></span> <span class='ocrx_word' id='word_1_222' title='bbox 764 1634 804 1671; x_wconf 90' lang='lat' dir='ltr'><strong>in</strong></span> <span class='ocrx_word' id='word_1_223' title='bbox 824 1633 1023 1684; x_wconf 66' lang='grc' dir='ltr'>Παίσωμεν</span> <span class='ocrx_word' id='word_1_224' title='bbox 1039 1633 1080 1671; x_wconf 87' lang='lat'>&amp;</span> <span class='ocrx_word' id='word_1_225' title='bbox 1094 1631 1325 1685; x_wconf 65' lang='grc' dir='ltr'>Τρικορυσία·</span> 
     </span>
     <span class='ocr_line' id='line_1_28' title="bbox 62 1685 1326 1741; baseline -0.005 -12"><span class='ocrx_word' id='word_1_226' title='bbox 62 1689 128 1729; x_wconf 71' lang='grc' dir='ltr'><strong>καὶ</strong></span> <span class='ocrx_word' id='word_1_227' title='bbox 153 1691 197 1728; x_wconf 70' lang='grc' dir='ltr'><strong>τὶ)</strong></span> <span class='ocrx_word' id='word_1_228' title='bbox 225 1687 292 1729; x_wconf 66' lang='grc' dir='ltr'><strong>τοῦ</strong></span> <span class='ocrx_word' id='word_1_229' title='bbox 318 1687 551 1741; x_wconf 57' lang='grc' dir='ltr'>Μενάνέρου,</span> <span class='ocrx_word' id='word_1_230' title='bbox 571 1685 636 1727; x_wconf 48' lang='grc' dir='ltr'>(ι’νω</span> <span class='ocrx_word' id='word_1_231' title='bbox 656 1703 694 1726; x_wconf 82' lang='grc' dir='ltr'>τι</span> <span class='ocrx_word' id='word_1_232' title='bbox 722 1687 787 1725; x_wconf 73' lang='grc' dir='ltr'><strong>καὶ</strong></span> <span class='ocrx_word' id='word_1_233' title='bbox 810 1687 960 1734; x_wconf 73' lang='grc' dir='ltr'>παίσω,</span> <span class='ocrx_word' id='word_1_234' title='bbox 979 1685 1195 1739; x_wconf 68' lang='grc' dir='ltr'>Τρικορυσία</span> <span class='ocrx_word' id='word_1_235' title='bbox 1216 1687 1326 1730; x_wconf 56' lang='lat' dir='ltr'><strong>Exci-</strong></span> 
     </span>
     <span class='ocr_line' id='line_1_29' title="bbox 61 1738 1328 1795; baseline -0.005 -12"><span class='ocrx_word' id='word_1_236' title='bbox 61 1753 180 1783; x_wconf 73' lang='grc' dir='ltr'>λιννοι·</span> <span class='ocrx_word' id='word_1_237' title='bbox 198 1742 296 1783; x_wconf 86' lang='lat' dir='ltr'><strong>fastu</strong></span> <span class='ocrx_word' id='word_1_238' title='bbox 319 1743 454 1783; x_wconf 84' lang='lat' dir='ltr'><strong>elatam</strong></span> <span class='ocrx_word' id='word_1_239' title='bbox 467 1772 478 1788; x_wconf 95' lang='lat'><strong>,</strong></span> <span class='ocrx_word' id='word_1_240' title='bbox 498 1752 541 1782; x_wconf 91' lang='lat' dir='ltr'><strong>ut</strong></span> <span class='ocrx_word' id='word_1_241' title='bbox 559 1751 680 1795; x_wconf 88' lang='lat' dir='ltr'><strong>puto,</strong></span> <span class='ocrx_word' id='word_1_242' title='bbox 701 1741 740 1780; x_wconf 71' lang='grc' dir='ltr'><strong>δι</strong></span> <span class='ocrx_word' id='word_1_243' title='bbox 755 1754 854 1793; x_wconf 87' lang='lat' dir='ltr'><strong>quae</strong></span> <span class='ocrx_word' id='word_1_244' title='bbox 872 1739 997 1780; x_wconf 87' lang='lat' dir='ltr'><strong>cristas</strong></span> <span class='ocrx_word' id='word_1_245' title='bbox 1016 1739 1169 1778; x_wconf 90' lang='lat' dir='ltr'><strong>tolleret</strong></span> <span class='ocrx_word' id='word_1_246' title='bbox 1182 1770 1195 1785; x_wconf 91' lang='lat'><strong>,</strong></span> <span class='ocrx_word' id='word_1_247' title='bbox 1218 1738 1328 1778; x_wconf 89' lang='lat' dir='ltr'><strong>intel-</strong></span> 
     </span>
     <span class='ocr_line' id='line_1_30' title="bbox 61 1793 1326 1850; baseline -0.003 -14"><span class='ocrx_word' id='word_1_248' title='bbox 61 1796 128 1848; x_wconf 87' lang='lat' dir='ltr'><strong>ligi</strong></span> <span class='ocrx_word' id='word_1_249' title='bbox 150 1797 296 1836; x_wconf 87' lang='lat' dir='ltr'><strong>voluit:</strong></span> <span class='ocrx_word' id='word_1_250' title='bbox 314 1798 381 1850; x_wconf 88' lang='lat' dir='ltr'><strong>qui</strong></span> <span class='ocrx_word' id='word_1_251' title='bbox 400 1796 612 1836; x_wconf 90' lang='lat' dir='ltr'><strong>meminerit</strong></span> <span class='ocrx_word' id='word_1_252' title='bbox 626 1795 789 1845; x_wconf 56' lang='grc' dir='ltr'>ἐμπίὸος</span> <span class='ocrx_word' id='word_1_253' title='bbox 800 1794 1033 1847; x_wconf 71' lang='grc' dir='ltr'>Τρικορυσίας</span> <span class='ocrx_word' id='word_1_254' title='bbox 1049 1794 1086 1831; x_wconf 92' lang='lat' dir='ltr'><strong>in</strong></span> <span class='ocrx_word' id='word_1_255' title='bbox 1101 1793 1326 1845; x_wconf 85' lang='lat' dir='ltr'><strong>Aristopha-</strong></span> 
     </span>
     <span class='ocr_line' id='line_1_31' title="bbox 61 1846 1327 1903; baseline -0.002 -14"><span class='ocrx_word' id='word_1_256' title='bbox 61 1850 120 1889; x_wconf 88' lang='lat' dir='ltr'><strong>nis</strong></span> <span class='ocrx_word' id='word_1_257' title='bbox 138 1850 293 1902; x_wconf 86' lang='lat' dir='ltr'><strong>Lyfistr.</strong></span> <span class='ocrx_word' id='word_1_258' title='bbox 313 1865 352 1891; x_wconf 88' lang='lat' dir='ltr'><strong>v.</strong></span> <span class='ocrx_word' id='word_1_259' title='bbox 385 1865 500 1903; x_wconf 86' lang='lat'><strong>1031,</strong></span> <span class='ocrx_word' id='word_1_260' title='bbox 520 1851 575 1895; x_wconf 91' lang='lat' dir='ltr'><strong>is,</strong></span> <span class='ocrx_word' id='word_1_261' title='bbox 600 1849 700 1889; x_wconf 92' lang='lat' dir='ltr'><strong>unde</strong></span> <span class='ocrx_word' id='word_1_262' title='bbox 726 1849 822 1888; x_wconf 86' lang='lat' dir='ltr'><strong>haec</strong></span> <span class='ocrx_word' id='word_1_263' title='bbox 852 1847 1113 1901; x_wconf 84' lang='lat' dir='ltr'><strong>appellationis</strong></span> <span class='ocrx_word' id='word_1_264' title='bbox 1133 1846 1327 1887; x_wconf 86' lang='lat' dir='ltr'><strong>Comicae</strong></span> 
     </span>
     <span class='ocr_line' id='line_1_32' title="bbox 61 1901 1044 1956; baseline -0.004 -12"><span class='ocrx_word' id='word_1_265' title='bbox 61 1902 198 1944; x_wconf 88' lang='lat' dir='ltr'><strong>facetia</strong></span> <span class='ocrx_word' id='word_1_266' title='bbox 217 1904 262 1944; x_wconf 88' lang='lat' dir='ltr'><strong>fit</strong></span> <span class='ocrx_word' id='word_1_267' title='bbox 281 1905 453 1945; x_wconf 81' lang='lat' dir='ltr'><strong>derivata</strong></span> <span class='ocrx_word' id='word_1_268' title='bbox 468 1935 478 1952; x_wconf 85' lang='lat'>‚</span> <span class='ocrx_word' id='word_1_269' title='bbox 505 1904 624 1943; x_wconf 83' lang='lat' dir='ltr'><strong>statim</strong></span> <span class='ocrx_word' id='word_1_270' title='bbox 647 1901 859 1956; x_wconf 87' lang='lat' dir='ltr'><strong>persentiet.</strong></span> <span class='ocrx_word' id='word_1_271' title='bbox 882 1903 1044 1941; x_wconf 82' lang='lat' dir='ltr'>HEMST.</span> 
     </span>
     <span class='ocr_line' id='line_1_33' title="bbox 117 1954 1326 2009; baseline -0.003 -13"><span class='ocrx_word' id='word_1_272' title='bbox 117 1962 191 1998; x_wconf 87' lang='lat' dir='ltr'><strong>ead.</strong></span> <span class='ocrx_word' id='word_1_273' title='bbox 210 1959 234 1997; x_wconf 85' lang='lat' dir='ltr'><strong>l.</strong></span> <span class='ocrx_word' id='word_1_274' title='bbox 252 1973 290 2008; x_wconf 94' lang='lat'><strong>7.</strong></span> <span class='ocrx_word' id='word_1_275' title='bbox 309 1961 365 1998; x_wconf 77' lang='grc' dir='ltr'>Τὲι</span> <span class='ocrx_word' id='word_1_276' title='bbox 385 1957 487 1997; x_wconf 74' lang='grc' dir='ltr'><em>σῦκα,</em></span> <span class='ocrx_word' id='word_1_277' title='bbox 506 1956 636 2009; x_wconf 66' lang='grc' dir='ltr'>τῦκα)</span> <span class='ocrx_word' id='word_1_278' title='bbox 659 1957 805 1995; x_wconf 91' lang='lat' dir='ltr'><strong>Alludit</strong></span> <span class='ocrx_word' id='word_1_279' title='bbox 826 1956 874 1995; x_wconf 88' lang='lat' dir='ltr'><strong>ad</strong></span> <span class='ocrx_word' id='word_1_280' title='bbox 891 1967 1027 1995; x_wconf 91' lang='lat' dir='ltr'><strong>notum</strong></span> <span class='ocrx_word' id='word_1_281' title='bbox 1049 1954 1326 2007; x_wconf 86' lang='lat' dir='ltr'><strong>proverbium,</strong></span> 
     </span>
     <span class='ocr_line' id='line_1_34' title="bbox 62 2008 1326 2065; baseline -0.005 -13"><span class='ocrx_word' id='word_1_282' title='bbox 62 2025 146 2065; x_wconf 90' lang='lat' dir='ltr'><strong>quo</strong></span> <span class='ocrx_word' id='word_1_283' title='bbox 158 2013 226 2065; x_wconf 90' lang='lat' dir='ltr'><strong>qui</strong></span> <span class='ocrx_word' id='word_1_284' title='bbox 243 2012 361 2053; x_wconf 92' lang='lat' dir='ltr'><strong>libere</strong></span> <span class='ocrx_word' id='word_1_285' title='bbox 381 2013 422 2051; x_wconf 86' lang='lat'>&amp;</span> <span class='ocrx_word' id='word_1_286' title='bbox 442 2011 619 2052; x_wconf 58' lang='lat' dir='ltr'><strong>audauer</strong></span> <span class='ocrx_word' id='word_1_287' title='bbox 634 2011 738 2051; x_wconf 92' lang='lat' dir='ltr'><strong>vitiis</strong></span> <span class='ocrx_word' id='word_1_288' title='bbox 751 2010 815 2050; x_wconf 84' lang='lat' dir='ltr'><strong>sua</strong></span> <span class='ocrx_word' id='word_1_289' title='bbox 830 2011 987 2049; x_wconf 88' lang='lat' dir='ltr'><strong>nomina</strong></span> <span class='ocrx_word' id='word_1_290' title='bbox 999 2019 1149 2062; x_wconf 89' lang='lat' dir='ltr'><strong>ponunt</strong></span> <span class='ocrx_word' id='word_1_291' title='bbox 1161 2039 1172 2055; x_wconf 85' lang='lat'><strong>,</strong></span> <span class='ocrx_word' id='word_1_292' title='bbox 1191 2008 1326 2047; x_wconf 87' lang='lat' dir='ltr'><strong>dicun-</strong></span> 
     </span>
     <span class='ocr_line' id='line_1_35' title="bbox 62 2062 1326 2113; baseline -0.006 -7"><span class='ocrx_word' id='word_1_293' title='bbox 62 2076 128 2106; x_wconf 91' lang='lat' dir='ltr'><strong>tur</strong></span> <span class='ocrx_word' id='word_1_294' title='bbox 151 2079 296 2106; x_wconf 86' lang='lat' dir='ltr'><strong>vocare</strong></span> <span class='ocrx_word' id='word_1_295' title='bbox 314 2069 367 2105; x_wconf 70' lang='grc' dir='ltr'><strong>τὰ</strong></span> <span class='ocrx_word' id='word_1_296' title='bbox 389 2065 509 2113; x_wconf 66' lang='grc' dir='ltr'><strong><em>σῦκα,</em></strong></span> <span class='ocrx_word' id='word_1_297' title='bbox 535 2064 651 2105; x_wconf 68' lang='grc' dir='ltr'><strong><em>σῦκα.</em></strong></span> <span class='ocrx_word' id='word_1_298' title='bbox 672 2064 734 2104; x_wconf 91' lang='lat' dir='ltr'><strong>Sic</strong></span> <span class='ocrx_word' id='word_1_299' title='bbox 753 2065 798 2103; x_wconf 91' lang='lat' dir='ltr'><strong>de</strong></span> <span class='ocrx_word' id='word_1_300' title='bbox 819 2063 913 2103; x_wconf 89' lang='lat' dir='ltr'><strong>Hist.</strong></span> <span class='ocrx_word' id='word_1_301' title='bbox 935 2063 1050 2103; x_wconf 89' lang='lat' dir='ltr'><strong>Scrib.</strong></span> <span class='ocrx_word' id='word_1_302' title='bbox 1075 2076 1105 2102; x_wconf 90' lang='lat' dir='ltr'><strong>c.</strong></span> <span class='ocrx_word' id='word_1_303' title='bbox 1130 2076 1176 2110; x_wconf 88' lang='lat'><strong>41</strong></span> <span class='ocrx_word' id='word_1_304' title='bbox 1194 2092 1206 2107; x_wconf 93' lang='lat'><strong>,</strong></span> <span class='ocrx_word' id='word_1_305' title='bbox 1228 2062 1326 2100; x_wconf 88' lang='lat' dir='ltr'><strong>inter</strong></span> 
     </span>
     <span class='ocr_line' id='line_1_36' title="bbox 61 2115 1327 2173; baseline -0.004 -15"><span class='ocrx_word' id='word_1_306' title='bbox 61 2119 153 2166; x_wconf 86' lang='lat' dir='ltr'><strong>alia,</strong></span> <span class='ocrx_word' id='word_1_307' title='bbox 173 2120 313 2173; x_wconf 88' lang='lat' dir='ltr'><strong>quibus</strong></span> <span class='ocrx_word' id='word_1_308' title='bbox 333 2129 512 2159; x_wconf 78' lang='lat' dir='ltr'><strong>ornatum</strong></span> <span class='ocrx_word' id='word_1_309' title='bbox 536 2119 604 2158; x_wconf 86' lang='lat' dir='ltr'><strong>fibi</strong></span> <span class='ocrx_word' id='word_1_310' title='bbox 623 2119 700 2157; x_wconf 89' lang='lat' dir='ltr'><strong>dari</strong></span> <span class='ocrx_word' id='word_1_311' title='bbox 714 2118 798 2157; x_wconf 90' lang='lat' dir='ltr'><strong>vult</strong></span> <span class='ocrx_word' id='word_1_312' title='bbox 816 2118 946 2157; x_wconf 85' lang='lat' dir='ltr'><strong>virum</strong></span> <span class='ocrx_word' id='word_1_313' title='bbox 961 2148 972 2166; x_wconf 91' lang='lat'>‚</span> <span class='ocrx_word' id='word_1_314' title='bbox 997 2118 1064 2170; x_wconf 90' lang='lat' dir='ltr'><strong>qui</strong></span> <span class='ocrx_word' id='word_1_315' title='bbox 1080 2115 1154 2155; x_wconf 88' lang='lat' dir='ltr'><strong>sese</strong></span> <span class='ocrx_word' id='word_1_316' title='bbox 1169 2116 1214 2154; x_wconf 85' lang='lat' dir='ltr'><strong>ad</strong></span> <span class='ocrx_word' id='word_1_317' title='bbox 1233 2115 1327 2155; x_wconf 88' lang='lat' dir='ltr'><strong>scri-</strong></span> 
     </span>
     <span class='ocr_line' id='line_1_37' title="bbox 61 2169 1328 2226; baseline -0.005 -13"><span class='ocrx_word' id='word_1_318' title='bbox 61 2173 224 2213; x_wconf 79' lang='lat' dir='ltr'><strong>bendam</strong></span> <span class='ocrx_word' id='word_1_319' title='bbox 245 2173 443 2213; x_wconf 86' lang='lat' dir='ltr'><strong>historiam</strong></span> <span class='ocrx_word' id='word_1_320' title='bbox 472 2175 669 2226; x_wconf 86' lang='lat' dir='ltr'><strong>accingat,</strong></span> <span class='ocrx_word' id='word_1_321' title='bbox 699 2173 774 2211; x_wconf 81' lang='lat' dir='ltr'><strong>hoc</strong></span> <span class='ocrx_word' id='word_1_322' title='bbox 801 2183 999 2217; x_wconf 86' lang='lat' dir='ltr'><strong>numerat,</strong></span> <span class='ocrx_word' id='word_1_323' title='bbox 1019 2169 1234 2223; x_wconf 63' lang='grc' dir='ltr'>παρρησίας</span> <span class='ocrx_word' id='word_1_324' title='bbox 1259 2169 1328 2207; x_wconf 74' lang='grc' dir='ltr'><strong>καὶ</strong></span> 
     </span>
     <span class='ocr_line' id='line_1_38' title="bbox 63 2221 1326 2278; baseline -0.006 -11"><span class='ocrx_word' id='word_1_325' title='bbox 63 2226 242 2268; x_wconf 71' lang='grc' dir='ltr'>ἀληθείας</span> <span class='ocrx_word' id='word_1_326' title='bbox 263 2227 382 2278; x_wconf 80' lang='grc' dir='ltr'>φίλος.</span> <span class='ocrx_word' id='word_1_327' title='bbox 403 2224 450 2266; x_wconf 77' lang='grc' dir='ltr'><strong>ὦς</strong></span> <span class='ocrx_word' id='word_1_328' title='bbox 471 2226 486 2265; x_wconf 79' lang='grc' dir='ltr'><strong><em>ὃ</em></strong></span> <span class='ocrx_word' id='word_1_329' title='bbox 506 2225 666 2276; x_wconf 73' lang='grc' dir='ltr'>κωμικός</span> <span class='ocrx_word' id='word_1_330' title='bbox 687 2249 731 2255; x_wconf 93' lang='grc'><strong>-</strong></span> <span class='ocrx_word' id='word_1_331' title='bbox 751 2239 868 2275; x_wconf 80' lang='grc' dir='ltr'>φησι,</span> <span class='ocrx_word' id='word_1_332' title='bbox 889 2227 943 2264; x_wconf 69' lang='grc' dir='ltr'><strong>τὰ,</strong></span> <span class='ocrx_word' id='word_1_333' title='bbox 965 2223 1084 2268; x_wconf 59' lang='lat' dir='ltr'><strong>afim,</strong></span> <span class='ocrx_word' id='word_1_334' title='bbox 1108 2221 1208 2262; x_wconf 66' lang='grc' dir='ltr'><strong>σῦκα</strong></span> <span class='ocrx_word' id='word_1_335' title='bbox 1222 2253 1235 2268; x_wconf 89' lang='grc'>,</span> <span class='ocrx_word' id='word_1_336' title='bbox 1258 2222 1326 2260; x_wconf 70' lang='grc' dir='ltr'>την</span> 
     </span>
     <span class='ocr_line' id='line_1_39' title="bbox 64 2276 1325 2331; baseline -0.006 -11"><span class='ocrx_word' id='word_1_337' title='bbox 64 2285 212 2330; x_wconf 69' lang='grc' dir='ltr'>σκάφην</span> <span class='ocrx_word' id='word_1_338' title='bbox 237 2281 285 2321; x_wconf 50' lang='grc' dir='ltr'><strong>δὲ</strong></span> <span class='ocrx_word' id='word_1_339' title='bbox 313 2282 457 2328; x_wconf 71' lang='grc' dir='ltr'>σκάφην</span> <span class='ocrx_word' id='word_1_340' title='bbox 482 2281 678 2330; x_wconf 75' lang='grc' dir='ltr'>ὀνομάσων.</span> <span class='ocrx_word' id='word_1_341' title='bbox 705 2279 890 2318; x_wconf 88' lang='lat' dir='ltr'><strong>Peracute</strong></span> <span class='ocrx_word' id='word_1_342' title='bbox 921 2279 1049 2331; x_wconf 88' lang='lat' dir='ltr'><strong>itaque</strong></span> <span class='ocrx_word' id='word_1_343' title='bbox 1079 2288 1236 2316; x_wconf 87' lang='lat' dir='ltr'><strong>veretur</strong></span> <span class='ocrx_word' id='word_1_344' title='bbox 1262 2276 1325 2314; x_wconf 90' lang='lat' dir='ltr'><strong>hic</strong></span> 
     </span>
     <span class='ocr_line' id='line_1_40' title="bbox 63 2330 1327 2388; baseline -0.006 -14"><span class='ocrx_word' id='word_1_345' title='bbox 63 2334 216 2388; x_wconf 83' lang='lat' dir='ltr'><strong>Sigma,</strong></span> <span class='ocrx_word' id='word_1_346' title='bbox 236 2348 304 2383; x_wconf 91' lang='lat' dir='ltr'><strong>ne,</strong></span> <span class='ocrx_word' id='word_1_347' title='bbox 326 2334 511 2387; x_wconf 74' lang='lat' dir='ltr'><strong>grassante</strong></span> <span class='ocrx_word' id='word_1_348' title='bbox 531 2332 734 2373; x_wconf 88' lang='lat' dir='ltr'><strong>adversarii</strong></span> <span class='ocrx_word' id='word_1_349' title='bbox 750 2333 899 2373; x_wconf 86' lang='lat' dir='ltr'><strong>licentia</strong></span> <span class='ocrx_word' id='word_1_350' title='bbox 912 2362 921 2379; x_wconf 84' lang='lat'>‚</span> <span class='ocrx_word' id='word_1_351' title='bbox 944 2345 992 2371; x_wconf 94' lang='lat' dir='ltr'><strong>eo</strong></span> <span class='ocrx_word' id='word_1_352' title='bbox 1015 2344 1076 2371; x_wconf 91' lang='lat' dir='ltr'><strong>res</strong></span> <span class='ocrx_word' id='word_1_353' title='bbox 1093 2330 1243 2369; x_wconf 87' lang='lat' dir='ltr'><strong>tandem</strong></span> <span class='ocrx_word' id='word_1_354' title='bbox 1260 2330 1327 2368; x_wconf 87' lang='lat' dir='ltr'><strong>de-</strong></span> 
     </span>
     <span class='ocr_line' id='line_1_41' title="bbox 63 2384 1325 2441; baseline -0.006 -13"><span class='ocrx_word' id='word_1_355' title='bbox 63 2389 197 2428; x_wconf 86' lang='lat' dir='ltr'><strong>veniat</strong></span> <span class='ocrx_word' id='word_1_356' title='bbox 210 2419 221 2435; x_wconf 91' lang='lat'><strong>,</strong></span> <span class='ocrx_word' id='word_1_357' title='bbox 243 2399 285 2428; x_wconf 92' lang='lat' dir='ltr'><strong>ut</strong></span> <span class='ocrx_word' id='word_1_358' title='bbox 296 2388 399 2428; x_wconf 72' lang='grc' dir='ltr'>σῦκιι</span> <span class='ocrx_word' id='word_1_359' title='bbox 411 2402 490 2428; x_wconf 90' lang='lat' dir='ltr'><strong>non</strong></span> <span class='ocrx_word' id='word_1_360' title='bbox 504 2388 666 2441; x_wconf 77' lang='lat' dir='ltr'><strong>amplius</strong></span> <span class='ocrx_word' id='word_1_361' title='bbox 683 2385 782 2426; x_wconf 57' lang='lat' dir='ltr'><strong>afim</strong></span> <span class='ocrx_word' id='word_1_362' title='bbox 795 2416 805 2432; x_wconf 81' lang='grc'><em>,</em></span> <span class='ocrx_word' id='word_1_363' title='bbox 830 2386 891 2426; x_wconf 87' lang='lat' dir='ltr'><strong>sed</strong></span> <span class='ocrx_word' id='word_1_364' title='bbox 907 2384 1029 2431; x_wconf 63' lang='grc' dir='ltr'>τῦκα,</span> <span class='ocrx_word' id='word_1_365' title='bbox 1052 2385 1248 2430; x_wconf 71' lang='lat' dir='ltr'><strong>dicantur,</strong></span> <span class='ocrx_word' id='word_1_366' title='bbox 1270 2394 1325 2422; x_wconf 89' lang='lat' dir='ltr'><strong>at-</strong></span> 
     </span>
     <span class='ocr_line' id='line_1_42' title="bbox 63 2438 1326 2496; baseline -0.006 -14"><span class='ocrx_word' id='word_1_367' title='bbox 63 2456 140 2496; x_wconf 90' lang='lat' dir='ltr'><strong>que</strong></span> <span class='ocrx_word' id='word_1_368' title='bbox 168 2444 264 2482; x_wconf 84' lang='lat' dir='ltr'><strong>adeo</strong></span> <span class='ocrx_word' id='word_1_369' title='bbox 290 2444 433 2481; x_wconf 88' lang='lat' dir='ltr'><strong>veritas</strong></span> <span class='ocrx_word' id='word_1_370' title='bbox 463 2443 503 2481; x_wconf 91' lang='lat'>&amp;</span> <span class='ocrx_word' id='word_1_371' title='bbox 524 2443 563 2480; x_wconf 86' lang='lat' dir='ltr'><strong>in</strong></span> <span class='ocrx_word' id='word_1_372' title='bbox 590 2441 748 2481; x_wconf 89' lang='lat' dir='ltr'><strong>dicendo</strong></span> <span class='ocrx_word' id='word_1_373' title='bbox 771 2440 925 2480; x_wconf 85' lang='lat' dir='ltr'><strong>libertas</strong></span> <span class='ocrx_word' id='word_1_374' title='bbox 948 2453 970 2479; x_wconf 92' lang='lat' dir='ltr'><strong>e</strong></span> <span class='ocrx_word' id='word_1_375' title='bbox 992 2451 1130 2492; x_wconf 87' lang='lat' dir='ltr'><strong>genere</strong></span> <span class='ocrx_word' id='word_1_376' title='bbox 1152 2438 1326 2477; x_wconf 86' lang='lat' dir='ltr'><strong>humano</strong></span> 
     </span>
     <span class='ocr_line' id='line_1_43' title="bbox 39 2492 1326 2550; baseline -0.006 -12"><span class='ocrx_word' id='word_1_377' title='bbox 39 2511 51 2527; x_wconf 84' lang='lat'><strong>··</strong></span> <span class='ocrx_word' id='word_1_378' title='bbox 63 2496 271 2540; x_wconf 86' lang='lat' dir='ltr'><strong>intercidat.</strong></span> <span class='ocrx_word' id='word_1_379' title='bbox 294 2496 451 2538; x_wconf 72' lang='lat' dir='ltr'>SOLAN.</span> <span class='ocrx_word' id='word_1_380' title='bbox 474 2496 562 2538; x_wconf 86' lang='lat' dir='ltr'><strong>Iure</strong></span> <span class='ocrx_word' id='word_1_381' title='bbox 584 2496 778 2538; x_wconf 77' lang='lat' dir='ltr'><strong>metuebat</strong></span> <span class='ocrx_word' id='word_1_382' title='bbox 798 2507 871 2550; x_wconf 87' lang='lat' dir='ltr'><strong>pro</strong></span> <span class='ocrx_word' id='word_1_383' title='bbox 894 2493 1067 2543; x_wconf 79' lang='lat' dir='ltr'><strong>ficubus,</strong></span> <span class='ocrx_word' id='word_1_384' title='bbox 1090 2492 1237 2535; x_wconf 78' lang='lat' dir='ltr'><strong>arbutei</strong></span> <span class='ocrx_word' id='word_1_385' title='bbox 1260 2503 1326 2545; x_wconf 83' lang='lat' dir='ltr'><strong>ge-</strong></span> 
     </span>
    </p>
   </div>
  </div>
 </body>
</html>
