1737 3378
435 266 526 312 294
637 240 1495 290 ANNOTATIONES

427 347 510 387 quo
528 332 617 372 nihil
632 331 731 372 aliud
748 329 934 385 praestare
952 330 1101 385 poffum
1113 362 1125 380 ,
1142 344 1261 385 quam
1277 343 1320 372 ut
1338 330 1567 374 felicioribus
1581 332 1620 373 in
1647 345 1689 375 e·
1736 357 1737 360 =

428 389 502 426 niis
517 399 606 426 eum
621 385 901 427 commendem.
915 384 1107 425 Sententia
1123 396 1247 437 patet:
1265 386 1444 425 nimirum
1458 386 1586 427 voluit
1596 415 1607 433 ‚
1653 401 1692 426 r-

431 453 482 493 go
497 440 538 479 δι
559 439 637 493 ipse
651 439 819 479 animum
835 450 944 478 tuum
965 438 1038 478 istis
1053 438 1269 492 philosophi
1288 439 1434 492 Nigrini
1453 438 1693 480 sermonibus

430 494 705 545 compunctum
725 492 801 533 effe
824 493 866 532 δι
889 493 1135 533 vulneratum
1160 491 1309 533 fateris:
1330 504 1369 532 at
1391 493 1509 532 verba
1532 506 1612 533 non
1630 507 1690 534 re-
1735 517 1737 526 ‚

431 546 638 600 spondent:
659 560 818 594 vereor,
837 559 888 586 ne
912 545 1044 586 versus
1063 558 1165 586 unus
1188 547 1229 586 δι
1247 546 1341 586 alter
1362 547 1600 586 interciderit.
1621 547 1691 586 Ni-

430 601 484 639 hil
509 613 616 654 agat,
635 601 662 640 sa
688 602 773 653 quis
790 599 828 639 se
856 599 1074 640 defunctum
1096 611 1206 652 putet
1229 598 1478 639 conieclando
1493 631 1504 648 ‚
1530 601 1594 640 καὶ
1619 598 1693 641 τῶν
1736 609 1737 613 ’

430 653 558 694 aar&
577 652 662 705 ἡμῖν
690 655 768 694 &c.
788 666 889 707 quae
914 652 1059 694 sensum
1078 654 1253 707 quidem,
1271 653 1333 694 sed
1357 666 1438 693 non
1456 654 1569 694 huius
1587 653 1665 695 loci
1677 684 1692 704 ,
1733 676 1737 682 ·

431 708 585 748 habent.
607 710 771 747 HEMST.

485 763 566 801 ibid.
588 761 702 814 Ἐρςῖν)
727 761 947 800 maim-5521.
971 761 1110 801 BROD.

486 817 557 854 ead.
576 816 600 853 l.
619 830 655 860 7.
676 818 723 853 Tb
738 814 802 854 τοῦ
825 813 897 866 ἄρα
918 815 1098 862 Τηλέφου)
1120 815 1221 854 Mira
1241 813 1427 862 traieffio,
1444 828 1558 868 quam
1577 828 1602 854 a
1616 815 1693 856 Lu-

432 869 545 908 ciano
571 868 646 908 effe
674 881 754 908 non
787 880 906 921 puto;
926 880 1040 920 atque
1069 868 1166 908 adeo
1187 868 1270 921 lege
1294 870 1336 907 τὸ
1365 869 1437 919 ἄρα
1457 868 1524 907 τοῦ
1547 891 1592 899 -
1612 869 1694 909 Te-

432 922 536 975 lephi
559 921 711 961 historia
735 933 826 961 nota
842 950 853 968 ‚
877 922 946 974 qui
974 922 1021 960 ab
1045 921 1194 961 Achille
1219 922 1441 961 vulneratus
1468 922 1542 962 &c.
1567 921 1690 963 Ovid.
1730 916 1737 926 ⁸

434 976 589 1015 SOLAN.
610 977 661 1014 H.
678 975 856 1028 Stephan.
872 975 975 1027 App.
995 974 1040 1014 de
1055 974 1108 1014 D.
1128 975 1177 1014 A.
1199 988 1284 1028 pag.
1306 974 1401 1014 182:
1422 978 1537 1027 Apud
1557 980 1694 1017 eundem

435 1029 688 1082 (Lucianum)
708 1031 812 1068 aliam
834 1029 1051 1068 traieffl'onem
1065 1029 1225 1067 habemus
1236 1059 1248 1075 ‚
1265 1043 1350 1079 quae
1365 1029 1482 1068 durior
1495 1031 1598 1068 videri
1608 1030 1693 1083 pos-

424 1085 474 1134 fit
484 1112 494 1129 ,
516 1083 680 1122 intericaa
695 1084 824 1136 quidem
839 1083 939 1122 unica
954 1098 1032 1121 voce
1042 1113 1057 1129 ,
1070 1082 1138 1133 sed
1149 1083 1292 1121 articulo
1306 1082 1410 1120 alium
1417 1085 1609 1134 praefixum
1625 1085 1694 1123 ha-

434 1139 550 1175 bente:
577 1137 612 1175 1‘11
631 1139 706 1187 fine
730 1136 870 1188 ciusdem
897 1137 1048 1189 dialogi,
1073 1139 1116 1175 ‘rb
1144 1133 1212 1175 τοῦ
1237 1133 1310 1186 ἄρα
1341 1136 1501 1184 Τηλέφου
1534 1137 1694 1189 ἀνάγκη

434 1191 565 1230 ποιεῖν.
576 1192 635 1229 Ac
647 1191 794 1229 dubitari
808 1191 905 1228 etiam
919 1193 1014 1242 poſjit
1025 1188 1191 1243 fhrtaffis‚
1207 1190 1315 1228 auita
1327 1188 1507 1242 scripserit.
1524 1190 1592 1230 Me
1606 1191 1693 1243 quir-

432 1245 518 1283 dem
535 1257 615 1283 non
630 1244 835 1284 admodum
858 1242 1019 1283 offendit
1042 1244 1153 1291 haec,
1175 1256 1289 1296 quam
1315 1243 1528 1295 Stephanus
1543 1255 1663 1284 vocat
1676 1275 1696 1292 ‚

433 1298 583 1338 articuli
598 1298 793 1347 traieffio,
815 1298 914 1336 haud
929 1296 1014 1336 sane
1029 1298 1170 1351 magis,
1193 1310 1310 1350 quam
1330 1297 1436 1350 quod
1454 1297 1493 1336 in
1512 1297 1693 1338 Herodo-

433 1364 476 1390 to
496 1351 697 1405 frequenS,
716 1351 788 1391 τῶν
813 1365 870 1390 τις
895 1353 1074 1402 Περσέων,
1103 1350 1176 1391 τῶν
1205 1366 1244 1390 τι
1271 1352 1368 1389 ἄλλο
1398 1351 1599 1401 στομάτων
1621 1351 1693 1392 ταῦ

433 1406 583 1454 Νείλου,
602 1404 674 1444 τῶν
694 1419 787 1444 τινος
811 1405 977 1444 οἰκετέων
1001 1400 1093 1444 εἶναι
1109 1434 1119 1452 ,
1145 1405 1256 1444 cuius
1280 1404 1428 1457 generis
1448 1404 1555 1458 plura
1571 1417 1693 1445 nota-

432 1459 490 1496 vit
510 1458 583 1498 Iac.
605 1458 836 1498 Gronovius
854 1457 899 1496 ad
919 1459 1108 1498 Herodot.
1129 1472 1165 1510 p.
1190 1473 1254 1511 35,
1272 1471 1313 1506 7,
1332 1472 1407 1510 357
1422 1488 1434 1504 ‚
1462 1471 1518 1496 12.
1541 1458 1687 1499 Athen.
1732 1454 1735 1458 ¹

431 1511 510 1557 ΙΙΙ,
530 1526 566 1565 p.
596 1511 668 1551 108
689 1512 742 1551 D.
764 1512 936 1564 Alciphr.
955 1511 1010 1551 1ss
1031 1512 1100 1565 Ep.
1126 1525 1198 1557 20,
1216 1510 1286 1550 τῶν
1308 1526 1378 1550 τινι
1398 1512 1598 1563 γνωρίμων·
1621 1513 1689 1552 ubi

430 1567 582 1605 monuit
598 1566 708 1605 etiam
729 1565 942 1618 Berglerus.
963 1565 1129 1605 Emenda
1153 1565 1331 1618 Longum
1347 1578 1430 1618 pag.
1447 1564 1513 1613 87,
1528 1564 1599 1606 τῶν
1615 1567 1690 1607 τίνι

430 1619 630 1658 πλουσίων·
647 1632 845 1672 perperam
860 1619 974 1658 τινῶν.
994 1618 1037 1658 In
1060 1620 1223 1658 Homeri
1243 1619 1367 1659 Schol.
1389 1618 1435 1658 ad
1455 1616 1497 1657 ΙΙ.
1519 1624 1574 1666 Ξ,
1597 1633 1691 1673 295,

431 1672 503 1712 τῶν
519 1669 571 1711 εἷς
584 1687 658 1725 γι)
668 1673 801 1722 άντων,
822 1671 1050 1714 vetustiores
1068 1673 1149 1713 edd.
1169 1672 1275 1726 quod
1293 1672 1390 1712 male
1413 1670 1544 1726 postea
1565 1685 1690 1714 muta-

431 1738 531 1766 runt.
552 1728 716 1766 HEMST.

483 1783 557 1819 ead.
583 1782 607 1820 I.
634 1795 671 1831 9.
689 1780 770 1820 Ἐπὶ
790 1782 852 1820 τὶν
868 1781 1092 1832 τρώσαντα)
1113 1781 1213 1820 Nam
1241 1779 1409 1820 Achilles
1436 1780 1554 1820 altera
1576 1779 1688 1834 plaga

430 1834 608 1887 Telepho
631 1835 731 1874 illata
755 1836 924 1888 priorem
938 1865 950 1881 ,
973 1845 1016 1875 ut
1042 1834 1141 1874 fama
1160 1833 1214 1874 est
1229 1865 1241 1882 ‚
1263 1833 1416 1873 sanavit.
1442 1835 1580 1874 BROD.
1606 1833 1688 1875 Res

429 1888 675 1941 pervulgata:
696 1890 805 1935 vide,
826 1888 851 1928 fi
873 1889 966 1928 tanti
977 1889 1043 1934 est,
1060 1889 1102 1928 B.
1117 1889 1269 1928 Martin.
1286 1889 1338 1927 V.
1356 1887 1488 1934 L.111‚
1506 1903 1572 1936 24,
1584 1888 1688 1928 Tor-

428 1952 521 1981 rent.
537 1943 583 1981 ad
596 1943 733 1983 Horat.
750 1942 816 1995 Ep.
832 1942 964 1988 XVII,
979 1943 1017 1988 8,
1030 1940 1200 1982 Pafferat.
1215 1942 1255 1981 δι
1269 1941 1442 1981 Broukh.
1456 1942 1500 1980 ad
1515 1941 1689 1995 Propert.

427 1995 462 2033 11
483 1996 538 2034 El.
561 2010 574 2034 1
591 2025 601 2041 ,
619 2010 658 2035 v.
676 1997 742 2049 65,
758 1995 797 2035 P.
813 1996 1010 2035 Keuchen.
1025 1996 1070 2034 ad
1084 1995 1210 2035 Seren.
1227 1995 1382 2035 Samon.
1396 2009 1432 2048 p.
1453 2009 1550 2048 259,
1567 2008 1685 2048 quem

429 2049 582 2089 Luciani
595 2050 703 2089 locus
718 2062 795 2089 non
810 2049 1003 2102 fugit,Th.
1018 2050 1220 2089 Muncker.
1236 2050 1280 2088 ad
1296 2050 1444 2102 Hygin.
1458 2048 1499 2089 F.
1514 2047 1580 2089 CI.
1593 2050 1687 2090 Hoc

427 2103 467 2141 in
484 2114 711 2155 argumento
725 2115 800 2143 tres
814 2103 988 2143 Graecae
1002 2103 1240 2155 Tragoediae
1256 2103 1440 2156 principes
1455 2101 1541 2142 sunt
1558 2101 1686 2142 versa.

426 2157 455 2194 ti
466 2186 478 2202 ,
497 2157 711 2210 eodemque
722 2157 883 2209 Telephi
897 2157 1009 2196 titulo
1021 2156 1166 2196 fabulas
1179 2157 1390 2203 ediderunt,
1405 2169 1569 2209 quarum
1583 2156 1685 2197 hane

425 2210 656 2261 hypothefin
672 2222 883 2250 enarratam
899 2210 1024 2259 legere
1038 2210 1123 2250 licet
1138 2211 1177 2250 in
1193 2209 1342 2250 Acceff.
1358 2210 1406 2250 ad
1424 2209 1578 2262 Ulpian.
1593 2223 1682 2264 pag,

427 2264 542 2314 1167.
567 2264 711 2304 Versus
734 2263 787 2303 est
810 2277 857 2303 ex
881 2256 1067 2318 Euripidis
1093 2264 1292 2318 Telepho,
1314 2277 1429 2317 quem
1456 2263 1682 2304 Plutarchus

424 2318 586 2368 protulit
607 2319 692 2368 slep}
710 2316 777 2357 τοῦ
799 2318 938 2358 ἀκούειν
959 2332 995 2370 ρ.
1017 2332 1068 2367 47
1088 2317 1128 2358 F.
1149 2318 1300 2364 locum,
1321 2317 1409 2370 quia
1425 2316 1526 2357 hisce
1541 2318 1682 2358 Lucia·

423 2371 504 2409 neis
526 2371 735 2412 simillimus
760 2370 833 2419 est,
855 2373 1156 2423 praetermittere
1176 2384 1255 2411 non
1281 2370 1455 2424 poffum,
1482 2371 1577 2424 quin
1606 2383 1680 2423 po-

424 2437 535 2464 nam:
558 2421 596 2464 οὗ
616 2428 696 2478 γὰρ
714 2425 832 2475 μένον,
851 2421 898 2464 ὥς
920 2420 1115 2477 Εὖριπίέης
1134 2425 1249 2475 φησὶ,
1270 2428 1312 2464 τὶι
1337 2425 1497 2474 Τηλέφου
1522 2423 1679 2476 τραιῦμοι

420 2477 614 2530 Epio-rofa(
635 2479 790 2532 λόγχης
809 2479 998 2532 &dayam
1022 2476 1195 2530 ῥινὴμκσι
1208 2510 1219 2527 ,
1246 2479 1351 2517 ἀλλὰ.
1375 2481 1441 2520 καὶ
1462 2481 1523 2517 τὸν
1543 2479 1584 2518 ἐκ.
1608 2490 1679 2528 φι-

420 2531 595 2582 λοσοφίας
614 2533 831 2585 ἑμφυὸμενον
845 2529 990 2584 εὐφυέσι
1011 2535 1096 2575 νέοις
1115 2532 1266 2588 ἒηγμὸν
1285 2527 1402 2574 aim
1422 2532 1438 2573 ὁ
1459 2531 1604 2586 ‘spebus
1618 2530 1682 2572 aa·
