1737 3378
175 223 257 269 IN
292 223 662 270 IUDICIUM
698 222 1123 271 vocALIUM.
1208 232 1300 288 301„

36 305 82 347 E.
106 306 186 356 ΙΙΙ,
206 324 244 363 p.
271 324 346 363 97,
367 309 551 350 scribitur.
589 311 638 350 H.
660 310 814 364 quidem
839 310 995 351 Valefio
1009 342 1020 359 ,
1043 311 1148 364 quod
1171 312 1304 352 Μῑιῑᾶ-Ι

38 361 144 401 rinus
170 362 215 401 C.
241 364 405 416 praefert
428 364 498 403 τῶν
524 364 662 415 λόγων,
688 365 809 416 magis
834 365 981 416 placet,
1007 364 1066 403 sed
1087 366 1209 405 multo
1236 367 1308 404 mi·

40 427 113 454 nus
131 418 307 469 expedite
333 417 417 456 fluit
441 416 650 462 sententia,
678 429 804 468 neque
829 417 940 455 huius
956 418 1030 455 loci
1052 417 1104 456 est
1126 419 1187 457 vel
1215 433 1306 457 ver-

41 467 80 507 bi
105 468 289 509 secundus
315 470 434 509 casus.
475 470 584 522 Quid
611 480 739 508 autem
763 471 802 508 in
828 469 884 508 his
912 470 1173 510 locutionibus
1201 473 1307 512 d³liet

39 520 174 561 Affivi
198 523 395 576 Mediique
422 522 536 569 usus,
574 536 654 562 non
683 523 737 562 est
763 533 806 561 ut
833 522 1003 573 pluribus
1031 524 1077 561 ad
1103 526 1305 581 peritiores

40 586 247 628 exponam.
275 576 518 628 Hesychium
543 577 718 615 emenda:
740 574 978 623 Καθυφεῐνοιι,
1003 576 1194 625 ἐνδοῦναι,
1212 575 1306 617 ὑπο-

40 627 196 681 χωρεῖν,
224 630 538 675 καθυποβέιλλειν·
563 630 710 675 editur,
741 628 988 678 Καθυφοιίνειν.
1013 630 1105 669 Alia
1129 631 1306 672 Budaeus

42 682 89 722 C.
103 682 145 720 L.
167 682 217 723 G.
232 696 268 736 p.
284 696 345 734 25.
367 684 529 722 HEMST.

95 739 168 774 ead.
188 737 211 775 l.
234 750 269 785 4.
292 736 361 774 Καὶ
384 734 447 775 οὐκ.
463 736 524 788 ἂν)
543 734 640 774 Illud
660 734 723 775 καὶ
744 746 917 775 amotum
940 735 1115 784 mallem,
1139 737 1180 776 δε
1203 737 1306 776 ordi-

41 799 90 827 ne
104 789 292 829 continuo
316 790 410 842 legi:
431 785 477 828 ὦς
502 788 569 828 §ille
593 790 667 828 ἃς.
692 790 939 841 παρανομεῖν,
962 785 1025 828 otim
1049 790 1093 828 ἂν
1115 789 1306 839 ἐπολέμει.

41 840 149 887 Scio,
166 843 233 881 ubi
255 843 438 882 redundet
457 843 550 882 haec
574 842 778 895 particula:
800 855 938 882 verum
958 843 1020 882 hic
1035 843 1186 883 videtur
1199 845 1245 883 ab
1262 845 1307 884 iis

1 926 5 933 .
43 895 202 943 inserta,
225 898 292 949 qui
316 897 421 936 istam
442 897 640 959 periodum
671 909 693 934 a
715 897 843 947 priore
868 896 1113 936 divellebant.
1139 898 1306 938 HEMST.

98 952 170 988 ead.
187 950 212 988 l.
231 950 268 988 6.
289 948 361 990 Τὶῐς
381 949 592 1001 mammem)
614 949 677 989 De
697 951 872 1002 pumice,
889 949 931 988 &
954 963 994 989 re
1009 951 1055 990 ad
1077 953 1307 991 exterendos

41 1002 366 1056 expoliendosque
388 1004 506 1043 libros
528 1015 627 1056 apta.
649 1003 925 1056 Κεφαλαλγίαν
948 1004 1066 1044 Attici
1084 1016 1231 1044 vocant
1249 1020 1309 1045 κε-

44 1057 268 1110 φαλαργίαν.
297 1057 445 1096 COGN.
478 1057 594 1110 Apud
616 1056 769 1096 Atticos
788 1056 960 1097 κίσσηλις
986 1058 1027 1097 &
1047 1059 1306 1112 κεφαλαργία,

43 1109 84 1147 δι
109 1109 240 1149 literae
270 1111 435 1150 invicem
465 1111 665 1149 mutabiles
693 1121 728 1149 λ.
755 1125 786 1161 ς.
811 1110 978 1164 priorem
1005 1122 1134 1151 tamen
1166 1125 1307 1154 vocem

41 1163 233 1203 neminem
257 1164 382 1216 legiffe
401 1175 510 1217 puto.
530 1164 703 1203 Bomzn.

98 1216 175 1255 ibid.
191 1217 489 1270 Κεφαλαλςγίιις)
507 1217 607 1257 Vide
629 1219 679 1256 H.
694 1217 924 1270 Stephanum
949 1218 995 1257 de
1009 1218 1080 1258 hac
1102 1231 1205 1259 voce
1229 1218 1307 1258 dis-

43 1280 243 1322 putantem
266 1271 305 1310 in
326 1271 430 1324 App.
454 1271 500 1311 de
526 1270 579 1310 D.
603 1270 654 1316 A,
680 1285 715 1323 p.
748 1272 806 1322 56.
830 1272 1080 1324 Κεφαλαργεῖ
1096 1273 1199 1325 apud
1222 1274 1308 1312 He-

42 1322 224 1374 sychium
246 1324 299 1364 est
314 1325 353 1363 in
366 1323 573 1364 Ὠτοκοπεῖ.
589 1326 762 1364 Κίσσηλιν
781 1337 904 1377 aeque
925 1327 1090 1378 ignoro,
1113 1339 1157 1365 ac
1177 1327 1308 1366 Bour-

43 1376 231 1424 delotius,
261 1377 330 1417 nifi
353 1378 462 1431 quod
487 1377 632 1418 blaesus
659 1379 862 1430 genuinam
886 1392 1022 1419 vocem
1047 1381 1213 1431 κίσσηρις
1241 1380 1311 1421 vel

44 1431 181 1482 κίσηρις
201 1444 251 1471 eo
273 1431 386 1485 paeto
410 1431 454 1471 fit
480 1433 808 1485 pronuntiaturus.
842 1431 899 1471 Ex
927 1432 1004 1472 hoc
1031 1433 1185 1486 linguae
1205 1435 1308 1475 vitio

43 1483 158 1523 risum
177 1486 344 1538 captavit
359 1485 554 1538 Aristoph.
579 1486 650 1538 Eq.
666 1498 704 1525 v.
720 1499 787 1537 79,
810 1485 926 1539 Vesp.
947 1501 986 1526 v.
1009 1501 1071 1539 45.
1095 1487 1141 1527 de
1165 1488 1307 1540 quibus

43 1536 215 1577 Eustath.
242 1540 288 1578 ad
311 1539 384 1578 Od.
406 1545 459 1588 Ξ,
483 1554 520 1593 p.
551 1541 661 1593 1764.
682 1540 771 1580 Vid.
795 1538 984 1581 Plutarch.
1007 1541 1168 1593 Quaest.
1188 1541 1309 1583 Rom.

44 1605 82 1645 p.
102 1604 177 1641 277
193 1592 244 1632 D.
271 1594 433 1632 HEMST.

98 1645 178 1684 ibid.
202 1645 366 1699 Γάμμα)
382 1647 426 1686 In
440 1646 604 1686 nummis
623 1646 736 1686 etiam
757 1647 824 1686 has
840 1647 967 1686 literas
986 1646 1205 1700 frequenter
1222 1662 1308 1701 per-

45 1699 213 1748 mutari,
233 1700 412 1740 observat
429 1702 484 1740 rei
499 1701 738 1740 nummariae
759 1701 883 1740 cultor
906 1702 946 1740 &
961 1713 1123 1741 ornator
1136 1701 1309 1742 summus

45 1750 110 1792 Ez.
133 1752 336 1805 Spanhem.
364 1769 400 1807 p.
424 1768 436 1792 ι
451 1768 507 1806 ¹9·
532 1754 689 1794 SOLAN.

97 1808 172 1845 ead.
189 1809 213 1846 l.
234 1808 270 1847 8.
294 1808 472 1861 Κναφείῳ)
496 1807 721 1848 Atticorum
740 1805 850 1853 sunt,
873 1807 913 1847 δι
934 1808 1087 1861 quidem
1107 1819 1310 1858 veterum,

48 1869 92 1899 ut
111 1858 277 1901 scribunt
292 1862 485 1914 Harpocr.
506 1862 544 1900 in
559 1861 732 1910 Γναφεὺς,
746 1862 788 1901 &
808 1861 1032 1901 Scholiastes
1050 1862 1245 1916 Aristoph.
1263 1864 1311 1908 ad

47 1912 148 1953 Plut.
164 1928 203 1954 v.
223 1915 312 1961 166,
325 1918 520 1961 κνόιπτειν,
535 1915 707 1964 κναφεὺς,
729 1914 907 1963 κναφεῖον,
922 1915 1112 1964 κνάφαλος
1124 1916 1204 1956 five
1219 1919 1314 1956 nvo'c·

49 1979 167 2015 epam
189 1968 254 2008 vel
280 1970 410 2021 potius
432 1969 628 2015 κνέφαλος,
645 1972 839 2008 &aimanor
851 1969 927 2008 &c.
948 1983 1048 2022 quae
1069 1972 1310 2020 communis,

47 2033 166 2072 quam
197 2033 364 2070 vocant,
397 2022 640 2063 Graecorum
676 2022 857 2062 dialectus
881 2036 948 2076 per
978 2038 1010 2076 ‘y
1038 2024 1133 2063 solet
1158 2024 1310 2064 efferre.

49 2074 178 2114 Moer.
203 2074 245 2114 δε
267 2076 409 2116 Thom.
433 2077 537 2128 Mag.
554 2074 824 2116 ἰηἈκναπτον.
842 2080 1038 2124 Κνὲφοιλος·
1057 2077 1150 2117 Poll.
1172 2079 1230 2126 X,
1248 2089 1315 2130 39,

49 2142 116 2176 41.
132 2129 197 2168 ubi
220 2130 404 2168 nonnulla
417 2130 762 2170 Commentatores.
785 2129 829 2169 In
843 2131 1035 2170 Corintho
1050 2131 1095 2169 de
1111 2131 1211 2170 Dial
1228 2133 1314 2172 Att.

51 2181 149 2221 ordo
169 2181 223 2221 est
251 2183 523 2223 invertendus:
547 2187 590 2227 τὸ
617 2184 792 2235 γναφεῖον
817 2184 982 2232 κναφεῖον
1007 2186 1176 2235 λέγουσι·
1198 2186 1313 2225 nimis

22 2274 33 2293 ‚-
50 2234 202 2275 laborat
225 2236 264 2275 in
285 2236 357 2276 hac
377 2249 485 2289 parte
509 2237 559 2276 H.
576 2236 755 2298 Stephan.
778 2236 891 2299 AppL
902 2252 938 2290 p.
963 2240 1021 2287 56.
1046 2237 1167 2290 Saepe
1192 2237 1312 2277 Gale-

51 2301 124 2328 nus
148 2302 249 2329 unus
263 2301 471 2344 utrumque
494 2304 673 2343 γνιιφειον
696 2291 736 2330 8(
757 2305 923 2337 κναφειον
944 2290 1069 2330 habet.
1092 2292 1178 2330 Vid.
1201 2292 1313 2330 Nun-

51 2341 129 2382 nes.
147 2343 196 2382 ad
213 2343 416 2396 Phrynich.
434 2359 471 2398 p.
494 2359 554 2397 34.
573 2344 697 2396 Quod
715 2345 754 2382 in
768 2343 967 2384 Philoxeni
989 2344 1152 2391 Gloffis,
1173 2345 1312 2384 Tomen-

52 2407 148 2445 tum,
173 2398 371 2446 κνάφοιλσν,
392 2397 812 2446 κνάφαλλονίὲτὶὴὶωτ,
825 2410 940 2438 vetus
954 2398 1230 2439 Onomasticon
1242 2412 1310 2437 ex-

51 2449 157 2489 hibet
176 2451 384 2503 γνάφαλον·
408 2452 484 2492 hoc
510 2452 677 2491 Alcaeus
700 2453 843 2500 utitur,
867 2453 965 2503 ἀμφὶ
989 2453 1101 2505 κόρσᾳ
1121 2451 1313 2502 μαλθακὸν

51 2503 287 2556 γνάφοιλλον.
310 2505 409 2546 Illud
432 2504 485 2546 est
510 2506 614 2560 apud
636 2505 862 2550 Strabonem
876 2537 889 2556 ,
920 2507 988 2561 qui
1017 2508 1132 2547 tradit
1157 2506 1252 2553 XV,
1272 2516 1312 2560 p.
