<?xml version="1.0" encoding="UTF-8"?>
<!DOCTYPE html PUBLIC "-//W3C//DTD XHTML 1.0 Transitional//EN"
    "http://www.w3.org/TR/xhtml1/DTD/xhtml1-transitional.dtd">
<html xmlns="http://www.w3.org/1999/xhtml" xml:lang="en" lang="en">
 <head>
  <title>
</title>
<meta http-equiv="Content-Type" content="text/html;charset=utf-8" />
  <meta name='ocr-system' content='tesseract 3.04.00' />
  <meta name='ocr-capabilities' content='ocr_page ocr_carea ocr_par ocr_line ocrx_word'/>
</head>
<body>
  <div class='ocr_page' id='page_1' title='image "./operagraeceetlat01luciuoft/operagraeceetlat01luciuoft_0471.png"; bbox 0 0 1737 3378; ppageno 0'>
   <div class='ocr_carea' id='block_1_1' title="bbox 351 197 1346 267">
    <p class='ocr_par' dir='ltr' id='par_1_1' title="bbox 351 197 1346 267">
     <span class='ocr_line' id='line_1_1' title="bbox 351 197 1346 267; baseline 0.003 -24"><span class='ocrx_word' id='word_1_1' title='bbox 351 197 458 244; x_wconf 84' lang='lat' dir='ltr'><strong>IN</strong></span> <span class='ocrx_word' id='word_1_2' title='bbox 527 199 1059 245; x_wconf 52' lang='lat' dir='ltr'><strong>TIMox‘EM</strong></span> <span class='ocrx_word' id='word_1_3' title='bbox 1257 217 1346 267; x_wconf 77' lang='lat'><strong>343</strong></span> 
     </span>
    </p>
   </div>
   <div class='ocr_carea' id='block_1_2' title="bbox 67 287 1351 398">
    <p class='ocr_par' dir='ltr' id='par_1_2' title="bbox 67 287 1351 398">
     <span class='ocr_line' id='line_1_2' title="bbox 70 287 1351 341; baseline 0.005 -16"><span class='ocrx_word' id='word_1_4' title='bbox 70 287 188 326; x_wconf 66' lang='lat' dir='ltr'><strong>haeum</strong></span> <span class='ocrx_word' id='word_1_5' title='bbox 214 287 413 340; x_wconf 78' lang='lat' dir='ltr'><strong>explendum</strong></span> <span class='ocrx_word' id='word_1_6' title='bbox 429 289 481 339; x_wconf 83' lang='lat' dir='ltr'><strong>fit</strong></span> <span class='ocrx_word' id='word_1_7' title='bbox 493 287 608 339; x_wconf 79' lang='lat' dir='ltr'><strong>fatis:</strong></span> <span class='ocrx_word' id='word_1_8' title='bbox 637 288 805 336; x_wconf 75' lang='lat' dir='ltr'><strong>refflus,</strong></span> <span class='ocrx_word' id='word_1_9' title='bbox 834 288 902 328; x_wconf 89' lang='lat' dir='ltr'><strong>nifi</strong></span> <span class='ocrx_word' id='word_1_10' title='bbox 924 288 1061 336; x_wconf 85' lang='lat' dir='ltr'><strong>fallor,</strong></span> <span class='ocrx_word' id='word_1_11' title='bbox 1085 302 1205 341; x_wconf 90' lang='lat' dir='ltr'><strong>quam</strong></span> <span class='ocrx_word' id='word_1_12' title='bbox 1228 288 1351 331; x_wconf 86' lang='lat' dir='ltr'><strong>Scho-</strong></span> 
     </span>
     <span class='ocr_line' id='line_1_3' title="bbox 67 339 1349 398; baseline 0.004 -18"><span class='ocrx_word' id='word_1_13' title='bbox 67 339 217 388; x_wconf 69' lang='lat' dir='ltr'><strong>nastes,</strong></span> <span class='ocrx_word' id='word_1_14' title='bbox 245 354 308 380; x_wconf 82' lang='lat' dir='ltr'><strong>cui</strong></span> <span class='ocrx_word' id='word_1_15' title='bbox 337 342 479 393; x_wconf 86' lang='lat' dir='ltr'><strong>aliquid</strong></span> <span class='ocrx_word' id='word_1_16' title='bbox 507 341 671 381; x_wconf 85' lang='lat' dir='ltr'><strong>alienum</strong></span> <span class='ocrx_word' id='word_1_17' title='bbox 700 342 755 382; x_wconf 92' lang='lat' dir='ltr'><strong>est</strong></span> <span class='ocrx_word' id='word_1_18' title='bbox 778 341 943 381; x_wconf 86' lang='lat' dir='ltr'><strong>affutum</strong></span> <span class='ocrx_word' id='word_1_19' title='bbox 970 356 992 381; x_wconf 90' lang='lat' dir='ltr'><strong>e</strong></span> <span class='ocrx_word' id='word_1_20' title='bbox 1017 343 1157 390; x_wconf 71' lang='lat' dir='ltr'><strong>saida,</strong></span> <span class='ocrx_word' id='word_1_21' title='bbox 1180 357 1349 398; x_wconf 90' lang='lat' dir='ltr'><strong>eumque</strong></span> 
     </span>
    </p>
   </div>
   <div class='ocr_carea' id='block_1_3' title="bbox 1 392 1348 448">
    <p class='ocr_par' dir='ltr' id='par_1_3' title="bbox 1 392 1348 448">
     <span class='ocr_line' id='line_1_4' title="bbox 1 392 1348 448; baseline 0.003 -14"><span class='ocrx_word' id='word_1_22' title='bbox 1 434 10 443; x_wconf 74' lang='grc'>,</span> <span class='ocrx_word' id='word_1_23' title='bbox 67 392 228 434; x_wconf 86' lang='lat' dir='ltr'><strong>secutus</strong></span> <span class='ocrx_word' id='word_1_24' title='bbox 250 394 352 434; x_wconf 82' lang='lat' dir='ltr'><strong>Plor.</strong></span> <span class='ocrx_word' id='word_1_25' title='bbox 376 395 631 435; x_wconf 83' lang='lat' dir='ltr'><strong>Christianus:</strong></span> <span class='ocrx_word' id='word_1_26' title='bbox 653 395 682 435; x_wconf 86' lang='lat' dir='ltr'><strong>s1</strong></span> <span class='ocrx_word' id='word_1_27' title='bbox 707 407 774 443; x_wconf 93' lang='lat' dir='ltr'><strong>tu,</strong></span> <span class='ocrx_word' id='word_1_28' title='bbox 798 397 904 448; x_wconf 91' lang='lat' dir='ltr'><strong>quod</strong></span> <span class='ocrx_word' id='word_1_29' title='bbox 930 395 988 434; x_wconf 89' lang='lat' dir='ltr'><strong>isti</strong></span> <span class='ocrx_word' id='word_1_30' title='bbox 1012 396 1180 444; x_wconf 79' lang='lat' dir='ltr'><strong>volunt,</strong></span> <span class='ocrx_word' id='word_1_31' title='bbox 1208 399 1348 438; x_wconf 88' lang='lat' dir='ltr'><strong>admit-</strong></span> 
     </span>
    </p>
   </div>
   <div class='ocr_carea' id='block_1_4' title="bbox 66 447 1347 503">
    <p class='ocr_par' dir='ltr' id='par_1_4' title="bbox 66 447 1347 503">
     <span class='ocr_line' id='line_1_5' title="bbox 66 447 1347 503; baseline 0.004 -16"><span class='ocrx_word' id='word_1_32' title='bbox 66 457 155 493; x_wconf 84' lang='lat' dir='ltr'><strong>tas,</strong></span> <span class='ocrx_word' id='word_1_33' title='bbox 182 448 219 487; x_wconf 93' lang='lat' dir='ltr'><strong>id</strong></span> <span class='ocrx_word' id='word_1_34' title='bbox 249 460 350 488; x_wconf 89' lang='lat' dir='ltr'><strong>certe</strong></span> <span class='ocrx_word' id='word_1_35' title='bbox 379 447 589 489; x_wconf 88' lang='lat' dir='ltr'><strong>secundum</strong></span> <span class='ocrx_word' id='word_1_36' title='bbox 614 449 743 497; x_wconf 87' lang='lat' dir='ltr'><strong>illam,</strong></span> <span class='ocrx_word' id='word_1_37' title='bbox 767 462 886 501; x_wconf 87' lang='lat' dir='ltr'><strong>quam</strong></span> <span class='ocrx_word' id='word_1_38' title='bbox 912 449 1020 494; x_wconf 87' lang='lat' dir='ltr'><strong>decli,</strong></span> <span class='ocrx_word' id='word_1_39' title='bbox 1049 452 1347 503; x_wconf 79' lang='lat' dir='ltr'>explicationem</span> 
     </span>
    </p>
   </div>
   <div class='ocr_carea' id='block_1_5' title="bbox 0 479 1347 560">
    <p class='ocr_par' dir='ltr' id='par_1_5' title="bbox 0 479 1347 560">
     <span class='ocr_line' id='line_1_6' title="bbox 0 479 1347 560; baseline 0.003 -18"><span class='ocrx_word' id='word_1_40' title='bbox 0 541 9 551; x_wconf 72' lang='grc'>,</span> <span class='ocrx_word' id='word_1_41' title='bbox 67 501 272 542; x_wconf 80' lang='lat' dir='ltr'><strong>consistere</strong></span> <span class='ocrx_word' id='word_1_42' title='bbox 298 501 444 541; x_wconf 88' lang='lat' dir='ltr'><strong>neceffe</strong></span> <span class='ocrx_word' id='word_1_43' title='bbox 475 502 540 542; x_wconf 86' lang='lat' dir='ltr'><strong>est.</strong></span> <span class='ocrx_word' id='word_1_44' title='bbox 576 502 694 556; x_wconf 90' lang='lat' dir='ltr'>Apud</span> <span class='ocrx_word' id='word_1_45' title='bbox 720 502 928 560; x_wconf 85' lang='lat' dir='ltr'><strong>Comicum</strong></span> <span class='ocrx_word' id='word_1_46' title='bbox 956 479 1090 542; x_wconf 82' lang='lat' dir='ltr'><strong>Su&#39;idas</strong></span> <span class='ocrx_word' id='word_1_47' title='bbox 1122 505 1279 545; x_wconf 82' lang='lat' dir='ltr'><strong>exhibet</strong></span> <span class='ocrx_word' id='word_1_48' title='bbox 1306 509 1347 547; x_wconf 91' lang='lat' dir='ltr'><strong>in</strong></span> 
     </span>
    </p>
   </div>
   <div class='ocr_carea' id='block_1_6' title="bbox 67 552 1347 610">
    <p class='ocr_par' dir='ltr' id='par_1_6' title="bbox 67 552 1347 610">
     <span class='ocr_line' id='line_1_7' title="bbox 67 552 1347 610; baseline 0.005 -16"><span class='ocrx_word' id='word_1_49' title='bbox 67 555 224 594; x_wconf 80' lang='grc' dir='ltr'><strong>Ἀντλίοι</strong></span> <span class='ocrx_word' id='word_1_50' title='bbox 245 556 506 609; x_wconf 83' lang='lat' dir='ltr'><strong>undecunque</strong></span> <span class='ocrx_word' id='word_1_51' title='bbox 531 555 805 609; x_wconf 81' lang='lat' dir='ltr'><strong>depromtum‚</strong></span> <span class='ocrx_word' id='word_1_52' title='bbox 828 552 900 595; x_wconf 78' lang='grc' dir='ltr'>οἶος</span> <span class='ocrx_word' id='word_1_53' title='bbox 929 556 965 595; x_wconf 79' lang='grc' dir='ltr'><strong>τ’</strong></span> <span class='ocrx_word' id='word_1_54' title='bbox 990 556 1067 606; x_wconf 74' lang='grc' dir='ltr'><strong>εἰμὶ</strong></span> <span class='ocrx_word' id='word_1_55' title='bbox 1089 572 1239 609; x_wconf 75' lang='grc' dir='ltr'><strong>περιανε</strong></span> <span class='ocrx_word' id='word_1_56' title='bbox 1223 575 1294 610; x_wconf 76' lang='grc' dir='ltr'><strong>χ-</strong></span> <span class='ocrx_word' id='word_1_57' title='bbox 1283 576 1347 610; x_wconf 69' lang='grc' dir='ltr'>ειι,</span> 
     </span>
    </p>
   </div>
   <div class='ocr_carea' id='block_1_7' title="bbox 0 604 1346 728">
    <p class='ocr_par' dir='ltr' id='par_1_7' title="bbox 0 604 1345 717">
     <span class='ocr_line' id='line_1_8' title="bbox 0 604 1345 664; baseline 0.004 -17"><span class='ocrx_word' id='word_1_58' title='bbox 0 649 8 658; x_wconf 65' lang='grc'>,</span> <span class='ocrx_word' id='word_1_59' title='bbox 63 604 145 662; x_wconf 70' lang='lat' dir='ltr'><strong>ipse</strong></span> <span class='ocrx_word' id='word_1_60' title='bbox 160 620 287 648; x_wconf 79' lang='lat' dir='ltr'><strong>tamen</strong></span> <span class='ocrx_word' id='word_1_61' title='bbox 303 608 459 649; x_wconf 88' lang='lat' dir='ltr'><strong>servans</strong></span> <span class='ocrx_word' id='word_1_62' title='bbox 475 610 678 662; x_wconf 82' lang='lat' dir='ltr'><strong>vulgarem</strong></span> <span class='ocrx_word' id='word_1_63' title='bbox 696 608 945 664; x_wconf 84' lang='lat' dir='ltr'><strong>scripturam&#39;</strong></span> <span class='ocrx_word' id='word_1_64' title='bbox 935 623 976 649; x_wconf 79' lang='lat' dir='ltr'><strong>tn</strong></span> <span class='ocrx_word' id='word_1_65' title='bbox 990 609 1123 662; x_wconf 69' lang='grc' dir='ltr'><strong>’Ύπερε</strong></span> <span class='ocrx_word' id='word_1_66' title='bbox 1126 625 1212 662; x_wconf 73' lang='grc' dir='ltr'>χει,</span> <span class='ocrx_word' id='word_1_67' title='bbox 1225 627 1345 664; x_wconf 87' lang='lat' dir='ltr'><strong>quam</strong></span> 
     </span>
     <span class='ocr_line' id='line_1_9' title="bbox 0 662 1346 728; baseline 0.003 -26"><span class='ocrx_word' id='word_1_68' title='bbox 0 679 5 693; x_wconf 70' lang='grc' dir='ltr'>ι</span> <span class='ocrx_word' id='word_1_69' title='bbox 65 675 143 715; x_wconf 88' lang='lat' dir='ltr'><strong>ego</strong></span> <span class='ocrx_word' id='word_1_70' title='bbox 172 662 237 702; x_wconf 91' lang='lat' dir='ltr'><strong>vel</strong></span> <span class='ocrx_word' id='word_1_71' title='bbox 264 674 424 716; x_wconf 88' lang='lat' dir='ltr'><strong>propter</strong></span> <span class='ocrx_word' id='word_1_72' title='bbox 453 664 660 716; x_wconf 83' lang='lat' dir='ltr'><strong>Euripidae</strong></span> <span class='ocrx_word' id='word_1_73' title='bbox 686 663 938 704; x_wconf 89' lang='lat' dir='ltr'><strong>Scholiastem</strong></span> <span class='ocrx_word' id='word_1_74' title='bbox 950 665 1176 728; x_wconf 86' lang='lat' dir='ltr'><strong>repudiare</strong></span> <span class='ocrx_word' id='word_1_75' title='bbox 1211 667 1346 708; x_wconf 89' lang='lat' dir='ltr'><strong>nolim.</strong></span> 
     </span>
    </p>
   </div>
   <div class='ocr_carea' id='block_1_8' title="bbox 0 713 1344 1097">
    <p class='ocr_par' dir='ltr' id='par_1_8' title="bbox 0 713 1343 879">
     <span class='ocr_line' id='line_1_10' title="bbox 0 713 1343 780; baseline 0.002 -23"><span class='ocrx_word' id='word_1_76' title='bbox 0 759 7 768; x_wconf 64' lang='grc'>,</span> <span class='ocrx_word' id='word_1_77' title='bbox 65 715 162 757; x_wconf 89' lang='lat' dir='ltr'><strong>Non</strong></span> <span class='ocrx_word' id='word_1_78' title='bbox 191 714 301 756; x_wconf 90' lang='lat' dir='ltr'><strong>secus</strong></span> <span class='ocrx_word' id='word_1_79' title='bbox 328 729 456 757; x_wconf 85' lang='lat' dir='ltr'><strong>autem</strong></span> <span class='ocrx_word' id='word_1_80' title='bbox 488 731 534 758; x_wconf 87' lang='lat' dir='ltr'><strong>ac</strong></span> <span class='ocrx_word' id='word_1_81' title='bbox 565 717 774 757; x_wconf 84' lang='lat' dir='ltr'><strong>Phaedram</strong></span> <span class='ocrx_word' id='word_1_82' title='bbox 796 715 971 780; x_wconf 64' lang='grc' dir='ltr'>χαλεπᾷ</span> <span class='ocrx_word' id='word_1_83' title='bbox 992 713 1099 769; x_wconf 67' lang='grc' dir='ltr'>ὑστέρε</span> <span class='ocrx_word' id='word_1_84' title='bbox 1099 730 1221 758; x_wconf 67' lang='grc' dir='ltr'>ντλον</span> <span class='ocrx_word' id='word_1_85' title='bbox 1245 735 1343 770; x_wconf 76' lang='grc' dir='ltr'>συμ-</span> 
     </span>
     <span class='ocr_line' id='line_1_11' title="bbox 0 767 1343 825; baseline 0.005 -18"><span class='ocrx_word' id='word_1_86' title='bbox 0 789 7 800; x_wconf 84' lang='lat'><strong>·</strong></span> <span class='ocrx_word' id='word_1_87' title='bbox 65 768 184 823; x_wconf 74' lang='grc' dir='ltr'>φορᾷ,</span> <span class='ocrx_word' id='word_1_88' title='bbox 204 770 330 810; x_wconf 83' lang='lat' dir='ltr'>dicere</span> <span class='ocrx_word' id='word_1_89' title='bbox 349 785 508 824; x_wconf 90' lang='lat' dir='ltr'><strong>quoque</strong></span> <span class='ocrx_word' id='word_1_90' title='bbox 528 771 616 812; x_wconf 87' lang='lat' dir='ltr'><strong>licet</strong></span> <span class='ocrx_word' id='word_1_91' title='bbox 641 774 831 825; x_wconf 61' lang='grc' dir='ltr'><strong>συμφορὰν</strong></span> <span class='ocrx_word' id='word_1_92' title='bbox 852 767 1099 824; x_wconf 69' lang='grc' dir='ltr'><strong>ὑπέραντλον,</strong></span> <span class='ocrx_word' id='word_1_93' title='bbox 1122 783 1201 811; x_wconf 88' lang='lat' dir='ltr'><strong>tam</strong></span> <span class='ocrx_word' id='word_1_94' title='bbox 1222 773 1343 814; x_wconf 85' lang='lat' dir='ltr'><strong>vehe-</strong></span> 
     </span>
     <span class='ocr_line' id='line_1_12' title="bbox 0 825 1342 888; baseline 0.002 -24"><span class='ocrx_word' id='word_1_95' title='bbox 0 865 6 873; x_wconf 81' lang='grc'>,</span> <span class='ocrx_word' id='word_1_96' title='bbox 63 835 215 864; x_wconf 88' lang='lat' dir='ltr'>menter</span> <span class='ocrx_word' id='word_1_97' title='bbox 245 825 514 888; x_wconf 84' lang='lat' dir='ltr'><strong>ingruentem,</strong></span> <span class='ocrx_word' id='word_1_98' title='bbox 545 837 588 864; x_wconf 92' lang='lat' dir='ltr'><strong>ut</strong></span> <span class='ocrx_word' id='word_1_99' title='bbox 613 825 813 866; x_wconf 89' lang='lat' dir='ltr'><strong>hominem</strong></span> <span class='ocrx_word' id='word_1_100' title='bbox 841 826 994 866; x_wconf 89' lang='lat' dir='ltr'><strong>obruat.</strong></span> <span class='ocrx_word' id='word_1_101' title='bbox 1026 825 1148 879; x_wconf 78' lang='lat' dir='ltr'><strong>Igitur</strong></span> <span class='ocrx_word' id='word_1_102' title='bbox 1178 827 1342 867; x_wconf 88' lang='lat' dir='ltr'><strong>Luciani</strong></span> 
     </span>
    </p>

    <p class='ocr_par' dir='ltr' id='par_1_9' title="bbox 0 873 1344 1097">
     <span class='ocr_line' id='line_1_13' title="bbox 28 873 1344 940; baseline 0.004 -23"><span class='ocrx_word' id='word_1_103' title='bbox 28 879 31 885; x_wconf 82' lang='lat'><em>&#39;</em></span> <span class='ocrx_word' id='word_1_104' title='bbox 64 873 299 931; x_wconf 71' lang='grc' dir='ltr'>ὑπέραντλος</span> <span class='ocrx_word' id='word_1_105' title='bbox 323 875 420 940; x_wconf 74' lang='grc' dir='ltr'>ὕβρις</span> <span class='ocrx_word' id='word_1_106' title='bbox 441 894 506 919; x_wconf 84' lang='grc' dir='ltr'><strong>του</strong></span> <span class='ocrx_word' id='word_1_107' title='bbox 532 879 609 925; x_wconf 73' lang='grc' dir='ltr'>βίον</span> <span class='ocrx_word' id='word_1_108' title='bbox 636 891 741 919; x_wconf 85' lang='lat' dir='ltr'><strong>tanta</strong></span> <span class='ocrx_word' id='word_1_109' title='bbox 768 879 823 920; x_wconf 91' lang='lat' dir='ltr'><strong>est</strong></span> <span class='ocrx_word' id='word_1_110' title='bbox 842 879 1033 920; x_wconf 87' lang='lat' dir='ltr'><strong>humanae</strong></span> <span class='ocrx_word' id='word_1_111' title='bbox 1055 881 1163 920; x_wconf 85' lang='lat' dir='ltr'><strong>vitae</strong></span> <span class='ocrx_word' id='word_1_112' title='bbox 1184 892 1344 935; x_wconf 86' lang='lat' dir='ltr'><strong>tamque</strong></span> 
     </span>
     <span class='ocr_line' id='line_1_14' title="bbox 0 926 1343 988; baseline 0.004 -18"><span class='ocrx_word' id='word_1_113' title='bbox 0 926 4 981; x_wconf 52' lang='grc' dir='ltr'>ζ</span> <span class='ocrx_word' id='word_1_114' title='bbox 63 933 195 985; x_wconf 85' lang='lat' dir='ltr'><strong>gravis</strong></span> <span class='ocrx_word' id='word_1_115' title='bbox 210 934 407 986; x_wconf 86' lang='lat' dir='ltr'><strong>protervia</strong></span> <span class='ocrx_word' id='word_1_116' title='bbox 429 943 546 987; x_wconf 88' lang='lat' dir='ltr'><strong>atque</strong></span> <span class='ocrx_word' id='word_1_117' title='bbox 566 933 766 980; x_wconf 85' lang='lat' dir='ltr'><strong>iniustitia,</strong></span> <span class='ocrx_word' id='word_1_118' title='bbox 777 946 879 988; x_wconf 89' lang='lat' dir='ltr'><strong>quae</strong></span> <span class='ocrx_word' id='word_1_119' title='bbox 892 944 1007 986; x_wconf 83' lang='lat' dir='ltr'><strong>cogat</strong></span> <span class='ocrx_word' id='word_1_120' title='bbox 1028 945 1114 973; x_wconf 86' lang='lat' dir='ltr'><strong>eam</strong></span> <span class='ocrx_word' id='word_1_121' title='bbox 1133 933 1343 985; x_wconf 80' lang='lat' dir='ltr'><strong>subsidere,</strong></span> 
     </span>
     <span class='ocr_line' id='line_1_15' title="bbox 0 986 1343 1042; baseline 0.003 -17"><span class='ocrx_word' id='word_1_122' title='bbox 0 1027 4 1036; x_wconf 70' lang='grc'>,</span> <span class='ocrx_word' id='word_1_123' title='bbox 63 986 174 1026; x_wconf 88' lang='lat' dir='ltr'><strong>velut</strong></span> <span class='ocrx_word' id='word_1_124' title='bbox 194 999 428 1040; x_wconf 84' lang='lat' dir='ltr'>occupatam</span> <span class='ocrx_word' id='word_1_125' title='bbox 452 1001 473 1028; x_wconf 86' lang='lat' dir='ltr'><strong>a</strong></span> <span class='ocrx_word' id='word_1_126' title='bbox 490 988 634 1028; x_wconf 90' lang='lat' dir='ltr'><strong>sentina</strong></span> <span class='ocrx_word' id='word_1_127' title='bbox 651 999 794 1034; x_wconf 88' lang='lat' dir='ltr'><strong>ratem,</strong></span> <span class='ocrx_word' id='word_1_128' title='bbox 815 987 1104 1040; x_wconf 88' lang='lat' dir='ltr'><strong>secundumque</strong></span> <span class='ocrx_word' id='word_1_129' title='bbox 1119 988 1275 1042; x_wconf 83' lang='lat' dir='ltr'>aliquod</span> <span class='ocrx_word' id='word_1_130' title='bbox 1287 991 1343 1029; x_wconf 90' lang='lat' dir='ltr'><strong>di-</strong></span> 
     </span>
     <span class='ocr_line' id='line_1_16' title="bbox 62 1039 1343 1097; baseline 0.002 -17"><span class='ocrx_word' id='word_1_131' title='bbox 62 1039 217 1080; x_wconf 89' lang='lat' dir='ltr'><strong>luvium</strong></span> <span class='ocrx_word' id='word_1_132' title='bbox 251 1040 421 1094; x_wconf 84' lang='lat' dir='ltr'><strong>flagitet,</strong></span> <span class='ocrx_word' id='word_1_133' title='bbox 451 1055 549 1091; x_wconf 86' lang='lat' dir='ltr'><strong>nec,</strong></span> <span class='ocrx_word' id='word_1_134' title='bbox 578 1041 647 1081; x_wconf 82' lang='lat' dir='ltr'><strong>nisi</strong></span> <span class='ocrx_word' id='word_1_135' title='bbox 677 1041 881 1081; x_wconf 85' lang='lat' dir='ltr'><strong>submerfis</strong></span> <span class='ocrx_word' id='word_1_136' title='bbox 908 1042 1162 1089; x_wconf 83' lang='lat' dir='ltr'><strong>hominibus,</strong></span> <span class='ocrx_word' id='word_1_137' title='bbox 1196 1044 1343 1097; x_wconf 87' lang='lat' dir='ltr'><strong>expiari</strong></span> 
     </span>
    </p>
   </div>
   <div class='ocr_carea' id='block_1_9' title="bbox 0 1092 1342 1161">
    <p class='ocr_par' dir='ltr' id='par_1_10' title="bbox 0 1092 1342 1161">
     <span class='ocr_line' id='line_1_17' title="bbox 0 1092 1342 1161; baseline 0.004 -28"><span class='ocrx_word' id='word_1_138' title='bbox 0 1092 2 1105; x_wconf 80' lang='lat'><em>&#39;</em></span> <span class='ocrx_word' id='word_1_139' title='bbox 63 1105 202 1147; x_wconf 84' lang='lat' dir='ltr'><strong>queat:</strong></span> <span class='ocrx_word' id='word_1_140' title='bbox 226 1094 305 1135; x_wconf 91' lang='lat' dir='ltr'><strong>hoc</strong></span> <span class='ocrx_word' id='word_1_141' title='bbox 314 1104 516 1159; x_wconf 83' lang='lat' dir='ltr'><strong>perquam</strong></span> <span class='ocrx_word' id='word_1_142' title='bbox 544 1095 705 1136; x_wconf 90' lang='lat' dir='ltr'><strong>venuste</strong></span> <span class='ocrx_word' id='word_1_143' title='bbox 716 1095 900 1157; x_wconf 30' lang='lat' dir='ltr'><strong>‘lequitur</strong></span> <span class='ocrx_word' id='word_1_144' title='bbox 926 1096 1038 1148; x_wconf 85' lang='lat' dir='ltr'><strong>post,</strong></span> <span class='ocrx_word' id='word_1_145' title='bbox 1057 1100 1171 1161; x_wconf 58' lang='grc' dir='ltr'><strong>ο-ξόσοι</strong></span> <span class='ocrx_word' id='word_1_146' title='bbox 1191 1104 1342 1138; x_wconf 64' lang='grc' dir='ltr'>Δευκα-</span> 
     </span>
    </p>
   </div>
   <div class='ocr_carea' id='block_1_10' title="bbox 0 1135 1342 1322">
    <p class='ocr_par' dir='ltr' id='par_1_11' title="bbox 0 1135 1342 1312">
     <span class='ocr_line' id='line_1_18' title="bbox 0 1135 1341 1216; baseline 0.002 -28"><span class='ocrx_word' id='word_1_147' title='bbox 0 1135 3 1198; x_wconf 40' lang='grc' dir='ltr'><em>ῑ</em></span> <span class='ocrx_word' id='word_1_148' title='bbox 62 1147 342 1216; x_wconf 49' lang='grc' dir='ltr'><strong>λῃονεςὶκοινοί,</strong></span> <span class='ocrx_word' id='word_1_149' title='bbox 363 1150 379 1198; x_wconf 86' lang='lat'>§</span> <span class='ocrx_word' id='word_1_150' title='bbox 401 1149 462 1199; x_wconf 86' lang='lat'><strong>18,</strong></span> <span class='ocrx_word' id='word_1_151' title='bbox 484 1151 668 1216; x_wconf 87' lang='lat' dir='ltr'><strong>quamvis</strong></span> <span class='ocrx_word' id='word_1_152' title='bbox 684 1151 847 1189; x_wconf 84' lang='lat' dir='ltr'><strong>viariata</strong></span> <span class='ocrx_word' id='word_1_153' title='bbox 868 1149 1015 1203; x_wconf 86' lang='lat' dir='ltr'><strong>figura:</strong></span> <span class='ocrx_word' id='word_1_154' title='bbox 1037 1165 1090 1201; x_wconf 78' lang='grc' dir='ltr'><strong>μη</strong></span> <span class='ocrx_word' id='word_1_155' title='bbox 1111 1145 1183 1189; x_wconf 56' lang='lat' dir='ltr'><strong>irre</strong></span> <span class='ocrx_word' id='word_1_156' title='bbox 1185 1164 1341 1201; x_wconf 71' lang='grc' dir='ltr'>ραντλος</span> 
     </span>
     <span class='ocr_line' id='line_1_19' title="bbox 63 1201 1342 1264; baseline 0.002 -22"><span class='ocrx_word' id='word_1_157' title='bbox 63 1201 176 1242; x_wconf 76' lang='grc' dir='ltr'><em>εἰσ-πε</em></span> <span class='ocrx_word' id='word_1_158' title='bbox 179 1203 249 1242; x_wconf 60' lang='lat' dir='ltr'><strong>mbr</strong></span> <span class='ocrx_word' id='word_1_159' title='bbox 267 1201 460 1242; x_wconf 69' lang='grc' dir='ltr'><strong>ἐπικλύσω</strong></span> <span class='ocrx_word' id='word_1_160' title='bbox 481 1201 609 1243; x_wconf 71' lang='grc' dir='ltr'>αὐτόν.</span> <span class='ocrx_word' id='word_1_161' title='bbox 638 1203 762 1243; x_wconf 88' lang='lat' dir='ltr'><strong>Faber</strong></span> <span class='ocrx_word' id='word_1_162' title='bbox 784 1205 943 1243; x_wconf 87' lang='lat' dir='ltr'><strong>iteravit</strong></span> <span class='ocrx_word' id='word_1_163' title='bbox 964 1203 1144 1264; x_wconf 86' lang='lat' dir='ltr'><strong>priorum</strong></span> <span class='ocrx_word' id='word_1_164' title='bbox 1169 1205 1342 1245; x_wconf 81' lang='lat' dir='ltr'><strong>inexhau-</strong></span> 
     </span>
     <span class='ocr_line' id='line_1_20' title="bbox 57 1256 1341 1322; baseline 0.004 -28"><span class='ocrx_word' id='word_1_165' title='bbox 57 1258 167 1310; x_wconf 79' lang='lat' dir='ltr'><strong>flam.-</strong></span> <span class='ocrx_word' id='word_1_166' title='bbox 187 1257 225 1295; x_wconf 91' lang='lat' dir='ltr'><strong>id</strong></span> <span class='ocrx_word' id='word_1_167' title='bbox 244 1267 372 1296; x_wconf 85' lang='lat' dir='ltr'><strong>tamen</strong></span> <span class='ocrx_word' id='word_1_168' title='bbox 392 1258 430 1296; x_wconf 90' lang='lat' dir='ltr'><strong>in</strong></span> <span class='ocrx_word' id='word_1_169' title='bbox 453 1256 619 1298; x_wconf 88' lang='lat' dir='ltr'><strong>Pollucis</strong></span> <span class='ocrx_word' id='word_1_170' title='bbox 644 1258 852 1312; x_wconf 86' lang='lat' dir='ltr'><strong>interprete</strong></span> <span class='ocrx_word' id='word_1_171' title='bbox 878 1258 1020 1297; x_wconf 90' lang='lat' dir='ltr'><strong>merito</strong></span> <span class='ocrx_word' id='word_1_172' title='bbox 1038 1257 1341 1322; x_wconf 87' lang='lat' dir='ltr'><strong>reprehendebat</strong></span> 
     </span>
    </p>
   </div>
   <div class='ocr_carea' id='block_1_11' title="bbox 0 1309 1340 1366">
    <p class='ocr_par' dir='ltr' id='par_1_12' title="bbox 0 1309 1340 1366">
     <span class='ocr_line' id='line_1_21' title="bbox 0 1309 1340 1366; baseline 0.004 -17"><span class='ocrx_word' id='word_1_173' title='bbox 0 1309 2 1314; x_wconf 83' lang='grc'><strong>’</strong></span> <span class='ocrx_word' id='word_1_174' title='bbox 62 1311 247 1350; x_wconf 89' lang='lat' dir='ltr'><strong>Kuhnius</strong></span> <span class='ocrx_word' id='word_1_175' title='bbox 268 1311 315 1350; x_wconf 84' lang='lat' dir='ltr'><strong>ad</strong></span> <span class='ocrx_word' id='word_1_176' title='bbox 338 1311 377 1357; x_wconf 89' lang='grc' dir='ltr'>Ι,</span> <span class='ocrx_word' id='word_1_177' title='bbox 397 1325 447 1362; x_wconf 89' lang='lat'><strong>92</strong></span> <span class='ocrx_word' id='word_1_178' title='bbox 461 1341 473 1357; x_wconf 96' lang='lat'><strong>,</strong></span> <span class='ocrx_word' id='word_1_179' title='bbox 503 1325 646 1364; x_wconf 91' lang='lat' dir='ltr'><strong>quem,</strong></span> <span class='ocrx_word' id='word_1_180' title='bbox 668 1325 746 1365; x_wconf 90' lang='lat' dir='ltr'><strong>qua</strong></span> <span class='ocrx_word' id='word_1_181' title='bbox 770 1323 851 1352; x_wconf 90' lang='lat' dir='ltr'><strong>erat</strong></span> <span class='ocrx_word' id='word_1_182' title='bbox 871 1311 1015 1352; x_wconf 88' lang='lat' dir='ltr'><strong>Graeci</strong></span> <span class='ocrx_word' id='word_1_183' title='bbox 1036 1310 1221 1352; x_wconf 87' lang='lat' dir='ltr'><strong>sermonis</strong></span> <span class='ocrx_word' id='word_1_184' title='bbox 1237 1315 1340 1366; x_wconf 87' lang='lat' dir='ltr'><strong>peri-</strong></span> 
     </span>
    </p>
   </div>
   <div class='ocr_carea' id='block_1_12' title="bbox 0 0 40 3378">
    <p class='ocr_par' dir='ltr' id='par_1_13' title="bbox 0 0 40 3378">
     <span class='ocr_line' id='line_1_22' title="bbox 0 0 40 3378; baseline 0 0"><span class='ocrx_word' id='word_1_185' title='bbox 0 0 40 3378; x_wconf 95' lang='lat' dir='ltr'><strong> </strong></span> 
     </span>
    </p>
   </div>
   <div class='ocr_carea' id='block_1_13' title="bbox 60 1363 1341 2596">
    <p class='ocr_par' dir='ltr' id='par_1_14' title="bbox 60 1363 1340 2001">
     <span class='ocr_line' id='line_1_23' title="bbox 61 1363 1340 1420; baseline 0.003 -17"><span class='ocrx_word' id='word_1_186' title='bbox 61 1364 141 1411; x_wconf 85' lang='lat' dir='ltr'><strong>tia,</strong></span> <span class='ocrx_word' id='word_1_187' title='bbox 163 1363 243 1403; x_wconf 83' lang='lat' dir='ltr'><strong>vim</strong></span> <span class='ocrx_word' id='word_1_188' title='bbox 260 1364 443 1405; x_wconf 87' lang='lat' dir='ltr'><strong>vocabuli</strong></span> <span class='ocrx_word' id='word_1_189' title='bbox 465 1364 636 1406; x_wconf 86' lang='lat' dir='ltr'><strong>habuiffe</strong></span> <span class='ocrx_word' id='word_1_190' title='bbox 651 1365 887 1420; x_wconf 64' lang='lat' dir='ltr'><strong>perspectam</strong></span> <span class='ocrx_word' id='word_1_191' title='bbox 910 1379 991 1405; x_wconf 91' lang='lat' dir='ltr'><strong>non</strong></span> <span class='ocrx_word' id='word_1_192' title='bbox 1005 1365 1183 1406; x_wconf 88' lang='lat' dir='ltr'><strong>diffiteor.</strong></span> <span class='ocrx_word' id='word_1_193' title='bbox 1206 1367 1340 1420; x_wconf 90' lang='lat' dir='ltr'><strong>Hesy-</strong></span> 
     </span>
     <span class='ocr_line' id='line_1_24' title="bbox 61 1418 1338 1485; baseline 0.002 -26"><span class='ocrx_word' id='word_1_194' title='bbox 61 1418 197 1459; x_wconf 85' lang='lat' dir='ltr'><strong>chius:</strong></span> <span class='ocrx_word' id='word_1_195' title='bbox 219 1419 484 1485; x_wconf 75' lang='grc' dir='ltr'><strong>Ὕπέροιντλοι,</strong></span> <span class='ocrx_word' id='word_1_196' title='bbox 505 1419 653 1459; x_wconf 68' lang='grc' dir='ltr'>πολλοὶ·</span> <span class='ocrx_word' id='word_1_197' title='bbox 674 1421 797 1460; x_wconf 89' lang='lat' dir='ltr'><strong>immo</strong></span> <span class='ocrx_word' id='word_1_198' title='bbox 820 1419 934 1460; x_wconf 90' lang='lat' dir='ltr'><strong>sane:</strong></span> <span class='ocrx_word' id='word_1_199' title='bbox 961 1419 1012 1459; x_wconf 85' lang='lat' dir='ltr'><strong>fic</strong></span> <span class='ocrx_word' id='word_1_200' title='bbox 1031 1433 1210 1473; x_wconf 86' lang='lat' dir='ltr'><strong>expone,</strong></span> <span class='ocrx_word' id='word_1_201' title='bbox 1227 1420 1256 1459; x_wconf 87' lang='lat' dir='ltr'>fi</span> <span class='ocrx_word' id='word_1_202' title='bbox 1275 1422 1338 1461; x_wconf 88' lang='lat' dir='ltr'><strong>lu-</strong></span> 
     </span>
     <span class='ocr_line' id='line_1_25' title="bbox 61 1469 1337 1527; baseline 0.003 -15"><span class='ocrx_word' id='word_1_203' title='bbox 61 1472 151 1519; x_wconf 88' lang='lat' dir='ltr'><strong>bet,</strong></span> <span class='ocrx_word' id='word_1_204' title='bbox 171 1469 400 1526; x_wconf 70' lang='grc' dir='ltr'>ὑπέραντλον</span> <span class='ocrx_word' id='word_1_205' title='bbox 420 1469 529 1526; x_wconf 67' lang='grc' dir='ltr'><strong>ὕβριν,</strong></span> <span class='ocrx_word' id='word_1_206' title='bbox 552 1471 706 1515; x_wconf 68' lang='grc' dir='ltr'>πολλήν·</span> <span class='ocrx_word' id='word_1_207' title='bbox 729 1473 791 1514; x_wconf 82' lang='lat' dir='ltr'><strong>sed</strong></span> <span class='ocrx_word' id='word_1_208' title='bbox 811 1474 911 1513; x_wconf 84' lang='lat' dir='ltr'><strong>idem</strong></span> <span class='ocrx_word' id='word_1_209' title='bbox 935 1473 1117 1527; x_wconf 81' lang='lat' dir='ltr'><strong>agnosce,</strong></span> <span class='ocrx_word' id='word_1_210' title='bbox 1137 1474 1231 1513; x_wconf 86' lang='lat' dir='ltr'><strong>nihil</strong></span> <span class='ocrx_word' id='word_1_211' title='bbox 1255 1474 1337 1516; x_wconf 89' lang='lat' dir='ltr'><strong>hoc</strong></span> 
     </span>
     <span class='ocr_line' id='line_1_26' title="bbox 61 1526 1340 1582; baseline 0.002 -16"><span class='ocrx_word' id='word_1_212' title='bbox 61 1527 110 1566; x_wconf 85' lang='lat' dir='ltr'><strong>ad</strong></span> <span class='ocrx_word' id='word_1_213' title='bbox 132 1526 369 1581; x_wconf 78' lang='lat' dir='ltr'><strong>significandi</strong></span> <span class='ocrx_word' id='word_1_214' title='bbox 392 1527 523 1568; x_wconf 88' lang='lat' dir='ltr'><strong>valere</strong></span> <span class='ocrx_word' id='word_1_215' title='bbox 545 1530 834 1582; x_wconf 89' lang='lat' dir='ltr'><strong>proprietatem.</strong></span> <span class='ocrx_word' id='word_1_216' title='bbox 860 1529 908 1567; x_wconf 87' lang='lat' dir='ltr'><strong>Et</strong></span> <span class='ocrx_word' id='word_1_217' title='bbox 926 1528 1050 1567; x_wconf 91' lang='lat' dir='ltr'><strong>huic</strong></span> <span class='ocrx_word' id='word_1_218' title='bbox 1041 1541 1116 1567; x_wconf 80' lang='lat' dir='ltr'><strong>iam</strong></span> <span class='ocrx_word' id='word_1_219' title='bbox 1136 1529 1228 1568; x_wconf 87' lang='lat' dir='ltr'><strong>voci</strong></span> <span class='ocrx_word' id='word_1_220' title='bbox 1253 1528 1340 1570; x_wconf 88' lang='lat' dir='ltr'><strong>satis</strong></span> 
     </span>
     <span class='ocr_line' id='line_1_27' title="bbox 61 1580 1340 1636; baseline 0.003 -16"><span class='ocrx_word' id='word_1_221' title='bbox 61 1580 118 1620; x_wconf 89' lang='lat' dir='ltr'><strong>est</strong></span> <span class='ocrx_word' id='word_1_222' title='bbox 140 1581 330 1634; x_wconf 90' lang='lat' dir='ltr'><strong>superque</strong></span> <span class='ocrx_word' id='word_1_223' title='bbox 353 1581 509 1622; x_wconf 63' lang='lat' dir='ltr'><strong>faetum</strong></span> <span class='ocrx_word' id='word_1_224' title='bbox 537 1583 722 1623; x_wconf 85' lang='lat' dir='ltr'><strong>Ceterum</strong></span> <span class='ocrx_word' id='word_1_225' title='bbox 748 1583 868 1622; x_wconf 86' lang='lat' dir='ltr'><strong>multa</strong></span> <span class='ocrx_word' id='word_1_226' title='bbox 889 1581 976 1622; x_wconf 88' lang='lat' dir='ltr'><strong>sunt</strong></span> <span class='ocrx_word' id='word_1_227' title='bbox 998 1582 1100 1636; x_wconf 90' lang='lat' dir='ltr'><strong>apud</strong></span> <span class='ocrx_word' id='word_1_228' title='bbox 1122 1582 1219 1622; x_wconf 84' lang='lat' dir='ltr'><strong>alios</strong></span> <span class='ocrx_word' id='word_1_229' title='bbox 1236 1582 1340 1624; x_wconf 89' lang='lat' dir='ltr'><strong>hisce</strong></span> 
     </span>
     <span class='ocr_line' id='line_1_28' title="bbox 61 1634 1340 1689; baseline 0.002 -15"><span class='ocrx_word' id='word_1_230' title='bbox 61 1634 222 1675; x_wconf 90' lang='lat' dir='ltr'><strong>Luciani</strong></span> <span class='ocrx_word' id='word_1_231' title='bbox 246 1635 403 1689; x_wconf 85' lang='lat' dir='ltr'><strong>prorsus</strong></span> <span class='ocrx_word' id='word_1_232' title='bbox 427 1635 617 1676; x_wconf 84' lang='lat' dir='ltr'><strong>affimilia:</strong></span> <span class='ocrx_word' id='word_1_233' title='bbox 641 1649 684 1676; x_wconf 91' lang='lat' dir='ltr'><strong>tu</strong></span> <span class='ocrx_word' id='word_1_234' title='bbox 703 1637 792 1676; x_wconf 88' lang='lat' dir='ltr'><strong>vide</strong></span> <span class='ocrx_word' id='word_1_235' title='bbox 810 1637 857 1676; x_wconf 90' lang='lat' dir='ltr'><strong>de</strong></span> <span class='ocrx_word' id='word_1_236' title='bbox 871 1636 1014 1676; x_wconf 87' lang='lat' dir='ltr'><strong>malitia</strong></span> <span class='ocrx_word' id='word_1_237' title='bbox 1033 1637 1180 1689; x_wconf 84' lang='lat' dir='ltr'><strong>generis</strong></span> <span class='ocrx_word' id='word_1_238' title='bbox 1204 1637 1340 1677; x_wconf 78' lang='lat' dir='ltr'><strong>huma-</strong></span> 
     </span>
     <span class='ocr_line' id='line_1_29' title="bbox 62 1689 1339 1744; baseline 0.002 -16"><span class='ocrx_word' id='word_1_239' title='bbox 62 1690 125 1737; x_wconf 88' lang='lat' dir='ltr'><strong>ni,</strong></span> <span class='ocrx_word' id='word_1_240' title='bbox 151 1691 258 1743; x_wconf 92' lang='lat' dir='ltr'><strong>quod</strong></span> <span class='ocrx_word' id='word_1_241' title='bbox 280 1690 394 1729; x_wconf 88' lang='lat' dir='ltr'><strong>nullis</strong></span> <span class='ocrx_word' id='word_1_242' title='bbox 417 1689 455 1730; x_wconf 93' lang='lat' dir='ltr'><strong>se</strong></span> <span class='ocrx_word' id='word_1_243' title='bbox 482 1691 547 1730; x_wconf 91' lang='lat' dir='ltr'><strong>vel</strong></span> <span class='ocrx_word' id='word_1_244' title='bbox 568 1691 689 1730; x_wconf 84' lang='lat' dir='ltr'><strong>exusti</strong></span> <span class='ocrx_word' id='word_1_245' title='bbox 713 1690 796 1730; x_wconf 85' lang='lat' dir='ltr'><strong>orbi</strong></span> <span class='ocrx_word' id='word_1_246' title='bbox 787 1705 816 1730; x_wconf 92' lang='grc'><strong>5</strong></span> <span class='ocrx_word' id='word_1_247' title='bbox 840 1690 907 1730; x_wconf 91' lang='lat' dir='ltr'><strong>vel</strong></span> <span class='ocrx_word' id='word_1_248' title='bbox 921 1691 1030 1743; x_wconf 88' lang='lat' dir='ltr'><strong>aquis</strong></span> <span class='ocrx_word' id='word_1_249' title='bbox 1048 1691 1180 1730; x_wconf 85' lang='lat' dir='ltr'><strong>obruti</strong></span> <span class='ocrx_word' id='word_1_250' title='bbox 1199 1693 1339 1744; x_wconf 86' lang='lat' dir='ltr'><strong>poenis</strong></span> 
     </span>
     <span class='ocr_line' id='line_1_30' title="bbox 61 1743 1338 1798; baseline 0.002 -16"><span class='ocrx_word' id='word_1_251' title='bbox 61 1745 235 1784; x_wconf 87' lang='lat' dir='ltr'><strong>coerceri</strong></span> <span class='ocrx_word' id='word_1_252' title='bbox 259 1745 533 1797; x_wconf 87' lang='lat' dir='ltr'><strong>emendarique</strong></span> <span class='ocrx_word' id='word_1_253' title='bbox 552 1746 747 1798; x_wconf 87' lang='lat' dir='ltr'><strong>patiatur,</strong></span> <span class='ocrx_word' id='word_1_254' title='bbox 774 1745 913 1784; x_wconf 91' lang='lat' dir='ltr'><strong>Iovem</strong></span> <span class='ocrx_word' id='word_1_255' title='bbox 940 1743 1064 1797; x_wconf 89' lang='lat' dir='ltr'><strong>ipsum</strong></span> <span class='ocrx_word' id='word_1_256' title='bbox 1089 1758 1338 1798; x_wconf 87' lang='lat' dir='ltr'><strong>conqueren-</strong></span> 
     </span>
     <span class='ocr_line' id='line_1_31' title="bbox 62 1798 1336 1851; baseline 0.002 -14"><span class='ocrx_word' id='word_1_257' title='bbox 62 1808 141 1838; x_wconf 89' lang='lat' dir='ltr'><strong>tem</strong></span> <span class='ocrx_word' id='word_1_258' title='bbox 163 1798 266 1851; x_wconf 91' lang='lat' dir='ltr'><strong>apud</strong></span> <span class='ocrx_word' id='word_1_259' title='bbox 289 1798 382 1838; x_wconf 86' lang='lat' dir='ltr'><strong>Stat.</strong></span> <span class='ocrx_word' id='word_1_260' title='bbox 408 1799 534 1838; x_wconf 89' lang='lat' dir='ltr'><strong>Theb.</strong></span> <span class='ocrx_word' id='word_1_261' title='bbox 563 1799 601 1847; x_wconf 87' lang='grc' dir='ltr'>Ι,</span> <span class='ocrx_word' id='word_1_262' title='bbox 624 1813 713 1850; x_wconf 87' lang='lat'><strong>215</strong></span> <span class='ocrx_word' id='word_1_263' title='bbox 739 1799 931 1838; x_wconf 87' lang='lat' dir='ltr'><strong>addendus</strong></span> <span class='ocrx_word' id='word_1_264' title='bbox 955 1798 1008 1838; x_wconf 85' lang='lat' dir='ltr'><strong>est</strong></span> <span class='ocrx_word' id='word_1_265' title='bbox 1036 1800 1222 1838; x_wconf 88' lang='lat' dir='ltr'><strong>Lutatius.</strong></span> <span class='ocrx_word' id='word_1_266' title='bbox 1247 1800 1336 1840; x_wconf 89' lang='lat' dir='ltr'><strong>Iure</strong></span> 
     </span>
     <span class='ocr_line' id='line_1_32' title="bbox 62 1852 1338 1905; baseline 0.002 -14"><span class='ocrx_word' id='word_1_267' title='bbox 62 1852 219 1905; x_wconf 90' lang='lat' dir='ltr'><strong>quidem</strong></span> <span class='ocrx_word' id='word_1_268' title='bbox 240 1853 436 1892; x_wconf 85' lang='lat' dir='ltr'><strong>metuebat</strong></span> <span class='ocrx_word' id='word_1_269' title='bbox 455 1852 646 1900; x_wconf 91' lang='lat' dir='ltr'><strong>Ovidius,</strong></span> <span class='ocrx_word' id='word_1_270' title='bbox 666 1867 714 1893; x_wconf 90' lang='lat' dir='ltr'><strong>ne</strong></span> <span class='ocrx_word' id='word_1_271' title='bbox 730 1853 866 1893; x_wconf 90' lang='lat' dir='ltr'><strong>Iovem</strong></span> <span class='ocrx_word' id='word_1_272' title='bbox 887 1853 1022 1892; x_wconf 89' lang='lat' dir='ltr'><strong>brevi</strong></span> <span class='ocrx_word' id='word_1_273' title='bbox 1015 1866 1200 1892; x_wconf 78' lang='lat' dir='ltr'><strong>inermem</strong></span> <span class='ocrx_word' id='word_1_274' title='bbox 1219 1853 1338 1893; x_wconf 86' lang='lat' dir='ltr'><strong>habe-</strong></span> 
     </span>
     <span class='ocr_line' id='line_1_33' title="bbox 60 1905 1336 1961; baseline 0.002 -16"><span class='ocrx_word' id='word_1_275' title='bbox 60 1919 222 1953; x_wconf 86' lang='lat' dir='ltr'><strong>remus,</strong></span> <span class='ocrx_word' id='word_1_276' title='bbox 253 1905 282 1945; x_wconf 87' lang='lat' dir='ltr'>fi</span> <span class='ocrx_word' id='word_1_277' title='bbox 304 1907 622 1961; x_wconf 89' lang='lat' dir='ltr'><strong>quandocunque</strong></span> <span class='ocrx_word' id='word_1_278' title='bbox 649 1918 810 1960; x_wconf 87' lang='lat' dir='ltr'><strong>peccant</strong></span> <span class='ocrx_word' id='word_1_279' title='bbox 834 1908 1036 1953; x_wconf 84' lang='lat' dir='ltr'><strong>homines,</strong></span> <span class='ocrx_word' id='word_1_280' title='bbox 1061 1906 1224 1946; x_wconf 85' lang='lat' dir='ltr'><strong>fulmina</strong></span> <span class='ocrx_word' id='word_1_281' title='bbox 1247 1909 1336 1947; x_wconf 89' lang='lat' dir='ltr'><strong>mit·</strong></span> 
     </span>
     <span class='ocr_line' id='line_1_34' title="bbox 62 1937 1227 2015; baseline 0.001 -16"><span class='ocrx_word' id='word_1_282' title='bbox 62 1970 173 2000; x_wconf 85' lang='lat' dir='ltr'><strong>teret.</strong></span> <span class='ocrx_word' id='word_1_283' title='bbox 200 1937 352 2000; x_wconf 86' lang='lat' dir='ltr'><strong>Verum</strong></span> <span class='ocrx_word' id='word_1_284' title='bbox 373 1961 468 2001; x_wconf 89' lang='lat' dir='ltr'><strong>haec</strong></span> <span class='ocrx_word' id='word_1_285' title='bbox 489 1961 579 2000; x_wconf 87' lang='lat' dir='ltr'><strong>talia</strong></span> <span class='ocrx_word' id='word_1_286' title='bbox 605 1962 786 2015; x_wconf 82' lang='lat' dir='ltr'><strong>colligere</strong></span> <span class='ocrx_word' id='word_1_287' title='bbox 809 1974 890 2001; x_wconf 91' lang='lat' dir='ltr'><strong>non</strong></span> <span class='ocrx_word' id='word_1_288' title='bbox 918 1962 1038 2001; x_wconf 91' lang='lat' dir='ltr'><strong>lubet.</strong></span> <span class='ocrx_word' id='word_1_289' title='bbox 1062 1961 1227 2000; x_wconf 76' lang='lat' dir='ltr'><strong>HEMs‘r.</strong></span> 
     </span>
    </p>

    <p class='ocr_par' dir='ltr' id='par_1_15' title="bbox 61 1995 1341 2596">
     <span class='ocr_line' id='line_1_35' title="bbox 128 1995 1339 2068; baseline 0.002 -15"><span class='ocrx_word' id='word_1_290' title='bbox 128 2017 201 2053; x_wconf 85' lang='lat' dir='ltr'><strong>ead.</strong></span> <span class='ocrx_word' id='word_1_291' title='bbox 228 2015 250 2053; x_wconf 89' lang='lat' dir='ltr'><strong>I.</strong></span> <span class='ocrx_word' id='word_1_292' title='bbox 274 2015 310 2054; x_wconf 91' lang='lat'><strong>8.</strong></span> <span class='ocrx_word' id='word_1_293' title='bbox 342 2015 423 2054; x_wconf 83' lang='grc' dir='ltr'><em>Τοῖς</em></span> <span class='ocrx_word' id='word_1_294' title='bbox 450 2014 566 2065; x_wconf 59' lang='grc' dir='ltr'>ἒεομέ</span> <span class='ocrx_word' id='word_1_295' title='bbox 568 2030 635 2055; x_wconf 76' lang='grc' dir='ltr'><strong>νοις</strong></span> <span class='ocrx_word' id='word_1_296' title='bbox 661 1995 931 2068; x_wconf 61' lang='grc' dir='ltr'><strong>ἐπικουρήσας)</strong></span> <span class='ocrx_word' id='word_1_297' title='bbox 955 2015 1096 2055; x_wconf 91' lang='lat' dir='ltr'><strong>Eadem</strong></span> <span class='ocrx_word' id='word_1_298' title='bbox 1125 2015 1274 2055; x_wconf 89' lang='lat' dir='ltr'><strong>locutio</strong></span> <span class='ocrx_word' id='word_1_299' title='bbox 1298 2015 1339 2055; x_wconf 89' lang='lat' dir='ltr'><strong>in</strong></span> 
     </span>
     <span class='ocr_line' id='line_1_36' title="bbox 63 2068 1338 2122; baseline 0.002 -15"><span class='ocrx_word' id='word_1_300' title='bbox 63 2073 160 2121; x_wconf 83' lang='grc' dir='ltr'>Κρον.</span> <span class='ocrx_word' id='word_1_301' title='bbox 181 2069 197 2118; x_wconf 87' lang='lat'>§</span> <span class='ocrx_word' id='word_1_302' title='bbox 217 2069 277 2120; x_wconf 87' lang='lat'><strong>36.</strong></span> <span class='ocrx_word' id='word_1_303' title='bbox 295 2068 373 2108; x_wconf 79' lang='grc' dir='ltr'>τοῖς</span> <span class='ocrx_word' id='word_1_304' title='bbox 387 2068 599 2119; x_wconf 51' lang='lat' dir='ltr'><strong>seoffidvozc’</strong></span> <span class='ocrx_word' id='word_1_305' title='bbox 585 2085 751 2122; x_wconf 74' lang='grc' dir='ltr'><strong>εποιρκων</strong></span> <span class='ocrx_word' id='word_1_306' title='bbox 767 2070 877 2122; x_wconf 85' lang='lat' dir='ltr'><strong>Nigr.</strong></span> <span class='ocrx_word' id='word_1_307' title='bbox 896 2070 912 2119; x_wconf 86' lang='lat'>§</span> <span class='ocrx_word' id='word_1_308' title='bbox 931 2070 990 2108; x_wconf 89' lang='lat'><strong>26.</strong></span> <span class='ocrx_word' id='word_1_309' title='bbox 1012 2070 1102 2108; x_wconf 90' lang='lat' dir='ltr'><strong>Hoc</strong></span> <span class='ocrx_word' id='word_1_310' title='bbox 1120 2070 1246 2109; x_wconf 88' lang='lat' dir='ltr'><strong>multo</strong></span> <span class='ocrx_word' id='word_1_311' title='bbox 1263 2068 1338 2109; x_wconf 85' lang='lat' dir='ltr'><strong>fre-</strong></span> 
     </span>
     <span class='ocr_line' id='line_1_37' title="bbox 62 2102 1338 2177; baseline 0.001 -15"><span class='ocrx_word' id='word_1_312' title='bbox 62 2122 239 2176; x_wconf 80' lang='lat' dir='ltr'><strong>quennff</strong></span> <span class='ocrx_word' id='word_1_313' title='bbox 243 2134 370 2161; x_wconf 87' lang='lat' dir='ltr'><strong>mum</strong></span> <span class='ocrx_word' id='word_1_314' title='bbox 392 2122 551 2162; x_wconf 90' lang='lat' dir='ltr'><strong>Isocrat.</strong></span> <span class='ocrx_word' id='word_1_315' title='bbox 567 2124 689 2163; x_wconf 87' lang='lat' dir='ltr'><strong>Arch.</strong></span> <span class='ocrx_word' id='word_1_316' title='bbox 703 2138 739 2177; x_wconf 90' lang='lat' dir='ltr'><strong>p.</strong></span> <span class='ocrx_word' id='word_1_317' title='bbox 760 2138 835 2176; x_wconf 86' lang='lat'><strong>130</strong></span> <span class='ocrx_word' id='word_1_318' title='bbox 820 2102 905 2162; x_wconf 60' lang='lat' dir='ltr'><strong>0.A</strong></span> <span class='ocrx_word' id='word_1_319' title='bbox 929 2122 1130 2162; x_wconf 89' lang='lat' dir='ltr'><strong>Demosth.</strong></span> <span class='ocrx_word' id='word_1_320' title='bbox 1145 2137 1218 2176; x_wconf 91' lang='lat' dir='ltr'><strong>pro</strong></span> <span class='ocrx_word' id='word_1_321' title='bbox 1238 2122 1338 2163; x_wconf 89' lang='lat' dir='ltr'><strong>Cor</strong></span> 
     </span>
     <span class='ocr_line' id='line_1_38' title="bbox 62 2176 1337 2285; baseline 0 -15"><span class='ocrx_word' id='word_1_322' title='bbox 62 2176 452 2283; x_wconf 39' lang='lat' dir='ltr'><strong>gelgvzlgfffiiptfflffi</strong></span> <span class='ocrx_word' id='word_1_323' title='bbox 466 2176 827 2285; x_wconf 48' lang='grc' dir='ltr'><strong>ἒίιέειῖῐῖῦιορόῗε,</strong></span> <span class='ocrx_word' id='word_1_324' title='bbox 835 2190 880 2284; x_wconf 55' lang='grc' dir='ltr'><em>ξ</em></span> <span class='ocrx_word' id='word_1_325' title='bbox 858 2230 894 2270; x_wconf 84' lang='grc'><strong>8</strong></span> <span class='ocrx_word' id='word_1_326' title='bbox 901 2189 1068 2269; x_wconf 42' lang='lat' dir='ltr'><strong>{bilai}</strong></span> <span class='ocrx_word' id='word_1_327' title='bbox 1070 2176 1270 2270; x_wconf 32' lang='lat' dir='ltr'><strong>,AVWASJVss.</strong></span> <span class='ocrx_word' id='word_1_328' title='bbox 1279 2180 1337 2280; x_wconf 44' lang='lat' dir='ltr'><strong>Vc</strong></span> 
     </span>
     <span class='ocr_line' id='line_1_39' title="bbox 66 2284 1339 2338; baseline -0.001 -15"><span class='ocrx_word' id='word_1_329' title='bbox 66 2298 107 2338; x_wconf 87' lang='lat' dir='ltr'><strong>p.</strong></span> <span class='ocrx_word' id='word_1_330' title='bbox 131 2297 228 2331; x_wconf 86' lang='lat'><strong>220,</strong></span> <span class='ocrx_word' id='word_1_331' title='bbox 245 2298 286 2323; x_wconf 88' lang='lat' dir='ltr'><strong>v.</strong></span> <span class='ocrx_word' id='word_1_332' title='bbox 310 2298 380 2335; x_wconf 87' lang='lat'><strong>19,</strong></span> <span class='ocrx_word' id='word_1_333' title='bbox 401 2284 514 2324; x_wconf 91' lang='lat' dir='ltr'><strong>deV.</strong></span> <span class='ocrx_word' id='word_1_334' title='bbox 537 2285 573 2325; x_wconf 89' lang='lat' dir='ltr'><strong>S.</strong></span> <span class='ocrx_word' id='word_1_335' title='bbox 593 2284 691 2337; x_wconf 89' lang='lat' dir='ltr'><strong>II‚p</strong></span> <span class='ocrx_word' id='word_1_336' title='bbox 668 2299 813 2338; x_wconf 85' lang='lat' dir='ltr'><strong>p.547‚</strong></span> <span class='ocrx_word' id='word_1_337' title='bbox 839 2285 990 2335; x_wconf 84' lang='lat' dir='ltr'><strong>605‚v.</strong></span> <span class='ocrx_word' id='word_1_338' title='bbox 1011 2299 1071 2337; x_wconf 87' lang='lat'><strong>13</strong></span> <span class='ocrx_word' id='word_1_339' title='bbox 1093 2284 1339 2323; x_wconf 86' lang='lat' dir='ltr'><strong>Eodemmo·</strong></span> 
     </span>
     <span class='ocr_line' id='line_1_40' title="bbox 66 2337 1338 2391; baseline -0.001 -14"><span class='ocrx_word' id='word_1_340' title='bbox 66 2339 120 2377; x_wconf 92' lang='lat' dir='ltr'><strong>do</strong></span> <span class='ocrx_word' id='word_1_341' title='bbox 135 2337 273 2377; x_wconf 85' lang='lat' dir='ltr'><strong>Paulus</strong></span> <span class='ocrx_word' id='word_1_342' title='bbox 292 2338 309 2376; x_wconf 96' lang='grc' dir='ltr'>Ι</span> <span class='ocrx_word' id='word_1_343' title='bbox 330 2338 375 2377; x_wconf 85' lang='lat' dir='ltr'><strong>ad</strong></span> <span class='ocrx_word' id='word_1_344' title='bbox 391 2339 565 2378; x_wconf 86' lang='lat' dir='ltr'><strong>Timoth.</strong></span> <span class='ocrx_word' id='word_1_345' title='bbox 585 2339 642 2385; x_wconf 88' lang='lat' dir='ltr'><strong>V,</strong></span> <span class='ocrx_word' id='word_1_346' title='bbox 666 2353 727 2387; x_wconf 87' lang='lat'><strong>10,</strong></span> <span class='ocrx_word' id='word_1_347' title='bbox 748 2340 806 2378; x_wconf 87' lang='lat'><strong>16.</strong></span> <span class='ocrx_word' id='word_1_348' title='bbox 833 2338 1013 2391; x_wconf 88' lang='lat' dir='ltr'><strong>Paraphr.</strong></span> <span class='ocrx_word' id='word_1_349' title='bbox 1028 2337 1221 2377; x_wconf 86' lang='lat' dir='ltr'><strong>Enchirid.</strong></span> <span class='ocrx_word' id='word_1_350' title='bbox 1239 2338 1255 2387; x_wconf 83' lang='lat'>§</span> <span class='ocrx_word' id='word_1_351' title='bbox 1273 2352 1338 2391; x_wconf 83' lang='lat'><strong>37,</strong></span> 
     </span>
     <span class='ocr_line' id='line_1_41' title="bbox 67 2391 1338 2452; baseline -0.001 -21"><span class='ocrx_word' id='word_1_352' title='bbox 67 2392 111 2431; x_wconf 85' lang='lat'>&amp;</span> <span class='ocrx_word' id='word_1_353' title='bbox 124 2393 223 2431; x_wconf 90' lang='lat' dir='ltr'><strong>Mer.</strong></span> <span class='ocrx_word' id='word_1_354' title='bbox 239 2392 458 2432; x_wconf 88' lang='lat' dir='ltr'><strong>Casaubon.</strong></span> <span class='ocrx_word' id='word_1_355' title='bbox 471 2392 660 2446; x_wconf 67' lang='lat' dir='ltr'><strong>Usurpari</strong></span> <span class='ocrx_word' id='word_1_356' title='bbox 677 2406 699 2432; x_wconf 88' lang='lat' dir='ltr'><strong>a</strong></span> <span class='ocrx_word' id='word_1_357' title='bbox 718 2392 968 2446; x_wconf 82' lang='lat' dir='ltr'><strong>scriptoribus</strong></span> <span class='ocrx_word' id='word_1_358' title='bbox 978 2391 1244 2432; x_wconf 85' lang='lat' dir='ltr'><strong>Ecclefiasticis</strong></span> <span class='ocrx_word' id='word_1_359' title='bbox 1263 2405 1338 2452; x_wconf 81' lang='lat' dir='ltr'><strong>pro</strong></span> 
     </span>
     <span class='ocr_line' id='line_1_42' title="bbox 61 2444 1341 2500; baseline -0.001 -16"><span class='ocrx_word' id='word_1_360' title='bbox 61 2447 228 2500; x_wconf 71' lang='lat' dir='ltr'><strong>ficmtus,</strong></span> <span class='ocrx_word' id='word_1_361' title='bbox 262 2447 423 2485; x_wconf 75' lang='lat' dir='ltr'><strong>viaticum</strong></span> <span class='ocrx_word' id='word_1_362' title='bbox 447 2447 724 2500; x_wconf 79' lang='lat' dir='ltr'><strong>subministrzre,</strong></span> <span class='ocrx_word' id='word_1_363' title='bbox 751 2447 817 2486; x_wconf 81' lang='lat' dir='ltr'><strong>vel</strong></span> <span class='ocrx_word' id='word_1_364' title='bbox 840 2448 909 2500; x_wconf 80' lang='lat' dir='ltr'><strong>stip</strong></span> <span class='ocrx_word' id='word_1_365' title='bbox 910 2463 958 2486; x_wconf 79' lang='lat' dir='ltr'><strong>em</strong></span> <span class='ocrx_word' id='word_1_366' title='bbox 988 2444 1160 2497; x_wconf 59' lang='lat' dir='ltr'><strong>conferre,</strong></span> <span class='ocrx_word' id='word_1_367' title='bbox 1184 2446 1341 2484; x_wconf 85' lang='lat' dir='ltr'><strong>monuit</strong></span> 
     </span>
     <span class='ocr_line' id='line_1_43' title="bbox 69 2462 1341 2596; baseline -0.002 -55"><span class='ocrx_word' id='word_1_368' title='bbox 69 2499 545 2549; x_wconf 73' lang='lat' dir='ltr'><strong>Hem.va1es.adEuseb</strong></span> <span class='ocrx_word' id='word_1_369' title='bbox 550 2502 601 2542; x_wconf 89' lang='lat' dir='ltr'><strong>H.</strong></span> <span class='ocrx_word' id='word_1_370' title='bbox 611 2501 757 2552; x_wconf 66' lang='lat' dir='ltr'><strong>RVH,</strong></span> <span class='ocrx_word' id='word_1_371' title='bbox 772 2513 803 2556; x_wconf 89' lang='lat'><strong>5.</strong></span> <span class='ocrx_word' id='word_1_372' title='bbox 817 2462 1122 2596; x_wconf 51' lang='lat' dir='ltr'><strong>Aristothlj’lut.</strong></span> <span class='ocrx_word' id='word_1_373' title='bbox 1135 2514 1175 2543; x_wconf 87' lang='lat' dir='ltr'><strong>v.</strong></span> <span class='ocrx_word' id='word_1_374' title='bbox 1185 2499 1341 2554; x_wconf 79' lang='lat'><strong>831,—</strong></span> 
     </span>
    </p>
   </div>
  </div>
 </body>
</html>
