1737 3378
363 212 457 264 268
565 208 1439 261 ANNOTATIONES

417 300 497 338 ibid.
523 293 644 336 Αὗτοῦ
660 294 772 352 εἶναι)
792 298 855 339 Sic
876 299 978 353 apud
998 299 1166 363 Euripid.
1183 300 1327 340 Phoen.
1350 313 1445 353 557:
1466 324 1511 332 —-
1530 302 1646 343 Οὔτοι

361 355 416 393 -tie
439 367 473 404 χ
479 348 613 402 ρήμειτ’
640 351 726 392 'usus
748 352 952 393 κέκτηνται
979 354 1107 406 βροτω.
1133 357 1190 393 T&
1218 353 1292 394 τῶν
1311 355 1404 395 θεῶν
1434 354 1475 395 5⁰
1487 354 1645 409 ἔχοντες

360 405 653 454 ἐπιμελούμεθα.
677 406 792 447 Grot.
812 406 915 446 Flor.
936 407 1006 460 381
1026 423 1034 446 :
1060 409 1145 446 Non
1168 411 1368 460 poffidemus
1389 410 1530 462 propria
1557 425 1646 449 mor.

364 460 452 497 tales
473 459 572 497 bona.
603 461 674 498 Sed
693 461 747 499 ius
770 463 926 500 Deorum
946 463 1057 500 nofira
1080 461 1285 514 dispensatio
1313 464 1368 515 est.
1396 463 1536 502 Horat.
1563 463 1648 504 Lib.

362 510 401 550 II
429 510 504 550 Sat.
522 527 567 551 2:
588 514 694 552 Nunc
714 528 796 567 ager
807 515 1056 565 Umbrenisub
1077 517 1232 562 nomine,
1257 531 1363 568 nuper
1378 515 1485 567 Ofelli
1504 517 1649 564 Diffus,

365 566 428 604 crit
439 567 524 604 nulli
533 568 691 620 proprius
698 584 715 616 ;
725 570 787 619 sed
801 571 892 607 cedet
902 569 937 608 ἱη
951 569 1049 621 usum
1060 571 1166 609 Nunc
1180 570 1278 618 mihi,
1292 585 1383 609 nunc
1394 571 1469 609 alii.
1479 572 1647 611 VORST.

366 620 481 659 Unde
497 621 539 660 &
554 620 595 660 -ΙΙ
614 621 747 661 Carm.
762 622 839 661 Od.
853 622 966 670 XiV,
985 638 1048 673 24,
1071 623 1267 678 eleganter
1289 623 1497 663 admodum
1518 626 1649 664 brevem

368 674 561 713 Dominum
579 687 710 715 vocat.
734 676 896 716 SOLAN.

421 731 495 766 ead.
512 729 535 766 l.
559 742 573 766 1
587 741 617 767 1.
642 729 783 768 Τούτων
801 731 871 780 μὲν
885 743 928 781 φ.
944 726 1088 770 οὖέενός
1108 731 1205 784 &c.)
1229 731 1315 770 Aut
1338 730 1471 771 similia
1488 730 1647 785 prorsus

365 787 585 835 cogitarunt
598 812 609 830 ‚
641 794 708 822 aut
725 796 773 822 ex
793 784 929 824 eodem
953 783 1061 824 fonte
1079 785 1286 824 hauserunt
1301 786 1488 826 Horatius
1510 785 1552 825 &
1572 785 1652 824 Lu·

365 834 509 875 cianus.
538 835 595 874 Ita
619 836 759 876 claudit
780 837 1004 878 Venusinus
1032 850 1141 879 vates
1163 839 1242 879 Sat.
1261 853 1282 878 2
1305 839 1393 879 libri
1412 839 1466 890 11,
1493 851 1536 880 ut
1556 838 1650 881 nihil

367 888 485 944 poffit
511 888 670 930 fimilius
689 891 894 931 Lucianeis
917 892 1011 931 dici:

478 945 576 982 Nam
593 946 751 997 propriae
775 946 903 985 telluris
932 947 1046 985 herum
1071 958 1197 986 natura
1219 962 1320 999 neque
1343 947 1441 986 illum
1455 977 1470 994 ,

481 998 558 1036 Nec
579 1013 648 1045 me,
670 1015 729 1038 nec
747 1015 942 1053 quemquam
958 1001 1094 1054 statuit.
1122 1002 1202 1039 Nos
1224 1001 1358 1052 expulit
1378 1003 1434 1040 ille
1443 1016 1462 1049 ,-

481 1050 585 1089 Illum
604 1064 670 1090 aut
688 1054 847 1106 nequities
861 1084 874 1100 ,
899 1066 962 1093 aut
982 1054 1075 1105 vafri
1101 1054 1236 1105 inscitia
1259 1055 1343 1094 iuris
1358 1085 1372 1103 ‚

481 1105 652 1157 Postremo
671 1108 814 1160 expellet
834 1120 917 1147 certe
938 1109 1093 1148 vivacior
1109 1110 1214 1148 heres.

482 1159 592 1198 Nunc
613 1173 695 1212 ager
721 1162 883 1201 Umbreni
900 1162 966 1213 sub
989 1163 1141 1210 nomine,
1167 1178 1274 1215 nuper
1293 1160 1400 1214 Ofelli

480 1213 608 1252 DiHus
617 1244 632 1261 ,
650 1216 712 1253 erit
730 1217 818 1254 nulli
838 1217 999 1270 proprius
1011 1232 1029 1264 ‚·
1049 1217 1114 1268 sed
1133 1217 1219 1257 cedit
1240 1217 1275 1255 in
1299 1215 1398 1267 usum

480 1268 592 1306 Nunc
617 1270 720 1316 milii,
746 1286 835 1310 nunc
860 1271 946 1309 alii.-
971 1272 1128 1324 quocirca
1156 1271 1262 1309 vivite
1280 1272 1417 1322 fortes,

481 1321 666 1375 fortiaque
689 1327 837 1376 advefis
859 1327 1016 1377 opponite
1036 1328 1168 1378 peHora
1187 1326 1295 1363 rebus.
1320 1323 1448 1364 CLI-:R-

430 1374 465 1412 in
486 1375 604 1414 Schol.
626 1377 690 1417 col.
719 1391 750 1417 1.
773 1379 795 1416 l.
823 1379 858 1418 6.
883 1378 1084 1431 ‘Tm-jam)
1106 1378 1196 1430 Leg.
1220 1374 1481 1432 ὑπαρχούσης.
1497 1376 1657 1418 SOLAN.

375 1428 566 1468 Retineo:
587 1428 637 1469 fic
657 1430 802 1478 solent,
825 1431 1043 1486 praesertim
1065 1433 1312 1472 recentIOres.
1343 1432 1421 1472 vid.
1444 1431 1594 1485 Eunap.
1616 1445 1656 1485 p.

381 1497 430 1535 34
446 1512 459 1528 ,
484 1496 522 1522 V.
546 1496 595 1533 93
619 1497 656 1537 p.
683 1484 733 1524 82
748 1515 761 1531 ,
781 1499 820 1524 V.
849 1500 907 1524 12.
930 1487 1176 1525 Herodotum
1193 1486 1410 1526 imitantur:
1430 1486 1506 1531 βίος
1527 1499 1571 1524 τε
1587 1485 1660 1537 ἀρ-

377 1540 466 1575 κέων
484 1534 576 1577 ὑπῆν
596 1535 636 1584 Ι,
659 1551 692 1578 c.
721 1552 780 1592 31.
805 1538 881 1579 Pro
901 1538 965 1580 τῆς
985 1554 1105 1592 omre.
1128 1540 1226 1580 male
1250 1541 1287 1580 C.
1314 1543 1359 1579 V.
1390 1540 1457 1579 τέι·
1483 1537 1549 1580 τῆς
1570 1549 1661 1579 ante

378 1589 547 1629 κτήσεως
562 1592 833 1632 abiiciendum.
853 1594 1016 1633 HEMST.

433 1644 511 1683 ibid.
528 1645 551 1683 l.
571 1645 607 1684 8.
624 1646 739 1686 ’Άλλο
752 1647 769 1701 )
784 1648 874 1702 Leg.
891 1648 1031 1689 ἄλλὼς.
1047 1647 1206 1688 SOLAN.
1222 1647 1405 1689 Ptoxime
1424 1647 1461 1686 C.
1479 1646 1523 1686 V.
1539 1642 1660 1697 ἄλλῳ.

381 1698 547 1738 ΗΕΜετ.

433 1753 514 1791 ibid.
534 1754 557 1792 l.
576 1767 612 1806 9.
622 1750 768 1807 Ὥσπερ
784 1751 821 1795 οὗ
875 1756 964 1810 Leg.
984 1751 1155 1809 ὧσπερεί.
1175 1755 1338 1795 HEMST.

436 1806 514 1846 ibid.
532 1807 557 1846 l.
579 1821 637 1847 10.
659 1809 837 1861 Περισσῆς
871 1810 914 1849 In
930 1811 988 1850 ed.
1011 1812 1062 1850 A.
1087 1809 1224 1850 inserta
1244 1810 1305 1852 hic
1320 1818 1430 1849 erant
1446 1807 1566 1848 verba
1579 1818 1662 1848 tex-

383 1872 460 1900 tus:
479 1861 666 1912 περισσῆς.
684 1863 768 1916 [καὶ
782 1867 824 1903 τό
837 1862 965 1917 ἥμερον
980 1863 1050 1904 τοῦ
1065 1863 1220 1918 τρόπον]
1237 1862 1397 1912 Insulse3
1413 1875 1534 1903 unum
1553 1864 1659 1903 enim

382 1914 437 1955 est
451 1914 647 1955 scholium.
671 1918 831 1957 SOLAN.

440 1969 522 2008 ibid.
540 1971 602 2010 col.
620 1985 654 2009 2.
671 1972 694 2010 l.
716 1985 745 2010 1.
761 1970 939 2026 Ἀγροὺς)
954 1971 1125 2026 Reposui
1141 1985 1216 2025 pro
1230 1970 1384 2024 ἀργοὺς,
1400 1970 1442 2010 &
1460 1970 1578 2010 modo
1593 1967 1661 2010 τοῦ

382 2021 510 2075 ἀγροῦ·
520 2036 592 2076 pro
614 2023 750 2077 ἀργοῦ.
767 2027 920 2065 Vitium
947 2027 1122 2080 pluribus
1149 2026 1272 2065 adhuc
1299 2026 1394 2065 locis
1415 2024 1589 2064 infidens.
1614 2025 1662 2065 In

385 2076 524 2116 Servio
549 2078 595 2116 ad
619 2079 699 2119 Ecl.
721 2078 796 2127 IV,
823 2095 894 2134 34,
918 2081 1088 2120 correxit
1108 2080 1161 2122 G.
1183 2079 1293 2120 Voss'.
1321 2079 1366 2118 ad
1383 2078 1515 2119 Valer-
1541 2077 1597 2119 Fl.
1620 2079 1664 2129 Ι,

389 2144 478 2184 310.
503 2132 668 2172 HEMST.

441 2186 520 2224 ibid.
547 2187 571 2224 l.
593 2202 628 2234 4·
650 2185 831 2241 Ἀἒίκωή
856 2188 947 2240 Leg.
977 2187 1220 2228 ἀὸεκέιστως.
1239 2186 1397 2228 SOLAN.
1424 2186 1660 2228 Praeclaram

387 2239 702 2281 emendationem
721 2243 878 2282 adiuvat
896 2245 931 2282 C.
956 2245 996 2280 V.
1012 2243 1176 2281 HEMST.

442 2294 526 2332 ibid.
552 2295 575 2333 l.
602 2309 639 2346 7.
670 2295 891 2349 Λουκιανοῦ)
919 2295 980 2335 Est
1002 2297 1099 2336 inter
1126 2296 1408 2350 Epigrammata
1427 2295 1585 2336 Luciani
1604 2295 1661 2334 in-

388 2345 571 2401 scriptum
610 2349 660 2388 εὶς
698 2348 840 2402 τυχῆν·
878 2351 979 2390 unde
1021 2349 1299 2391 mendofiffime
1333 2349 1393 2388 hic
1430 2348 1659 2402 descriptum

390 2402 702 2442 emendavimus:
723 2403 784 2444 sed
811 2404 852 2444 &
870 2404 1001 2444 debuit
1022 2404 1107 2457 post
1129 2403 1216 2444 πότ’
1234 2404 1317 2442 addi
1341 2403 1406 2443 καὶ
1431 2406 1486 2442 τὰ,
1511 2402 1608 2455 ἑξῆς,
1626 2402 1668 2442 6·

391 2469 519 2503 cetera,
551 2469 642 2551 gum
671 2456 764 2498 defit
792 2457 882 2498 finis
912 2458 1126 2498 hexametri
1155 2456 1288 2500 versus
1321 2458 1362 2498 δι
1392 2469 1497 2498 t0tus
1526 2467 1663 2512 penta÷

393 2520 526 2551 meter.
588 2521 679 2552 LER.
