1737 3378
317 221 420 266 IN
487 221 1016 269 TIMONEM.
1213 240 1309 291 429

0 331 5 342 κ
41 310 367 363 ἐκκλησιαζόντων
381 311 581 358 Ἀθηναίων,
595 312 704 351 ἀλλὰ
718 311 929 365 τραγῳὲὦν
941 311 1216 364 ἀγωνιζομένων
1230 329 1314 354 και-

0 364 1 369 ’
43 364 124 410 νὶιῖν,
137 361 213 403 οὗθ’
226 365 379 404 ἐναντίον
395 364 464 403 τοῦ
478 365 600 416 δήμου
611 395 621 410 ,
643 367 896 405 ἀλλ’ἑναντίον
911 364 981 404 τῶν
999 364 1186 406 Ἑλλήνων.
1206 368 1312 408 Idem

43 430 82 469 p.
100 432 178 470 434
191 418 235 457 B.
252 419 393 458 rariore
409 418 534 458 forma
549 417 714 482 scripsit,
736 432 851 471 quam
868 418 952 456 alibi
961 417 1112 474 ‚exstare
1127 433 1204 459 non
1222 421 1311 461 sane

43 471 217 510 memini:
232 472 427 524 γινομένων
439 474 518 524 γᾶς
529 472 602 511 τῶν
617 487 649 510 εν
664 473 775 510 ἀστει
790 472 996 524 τραγῳᾶὠν
1010 470 1181 523 ἀνεκιῖρυτ
1189 489 1243 514 τον
1257 490 1314 514 τι.

43 522 98 564 νὲς
110 524 184 563 &c.
199 525 304 577 quod
319 524 345 564 fi
361 525 489 564 sanum
501 556 510 571 ,
528 527 596 578 qui
615 525 738 577 potest
751 526 857 564 aliter
871 525 1074 576 explicari,
1095 540 1209 578 quam
1223 559 1235 573 ‚
1246 528 1312 578 fa-

43 577 104 615 έῖἱς
114 578 199 616 enim
212 607 222 624 ‚
243 580 300 631 qui
313 580 466 618 celebrari
475 577 585 631 sblen‘t
602 579 636 616 in
654 581 751 631 asty,
766 579 857 616 lucfis
871 578 1009 631 tragicis
1020 580 1040 615 Ρ
1057 579 1107 618 Ἐν
1120 580 1230 620 ἀστει
1246 595 1314 621 ve-

44 644 112 677 ro,
131 631 220 684 quia
243 633 478 672 Liberalibus
503 632 677 677 urbanis,
698 632 899 671 Διονυσίοις
920 631 1105 680 ἀστικοῖς,
1124 634 1201 673 ·τοΐς
1221 637 1313 674 κατ’

39 683 148 723 ἄστυ
161 716 171 733 ,
187 684 265 725 five
279 687 470 738 μεγάλοις
486 685 552 724 ista
567 684 648 724 fieri
669 684 812 724 solebat
833 684 1046 724 fabularum
1069 686 1309 728 commistio:

44 737 98 777 fic
111 738 150 778 δι
165 752 201 790 p.
219 754 266 791 43
278 752 293 788 5
312 740 360 778 A.
373 742 433 778 τον
445 737 607 792 χρυσοῦν
622 742 814 785 στέφανον,
825 739 862 777 ὃς
874 738 916 780 ἀν
930 738 981 786 τῷ
995 739 1138 791 δεάτρῳ
1151 740 1184 778 ἐν
1197 743 1315 782 ἀστει

46 790 234 844 ἀναρριιθῖι.
252 794 424 832 Tandem
439 794 478 831 in
495 793 561 831 illo
577 793 710 845 populi
725 792 901 840 decreto,
922 793 1031 831 cuius
1051 792 1216 845 Scaliger
1233 808 1314 834 me-

44 845 173 894 minit,
191 846 238 884 ad
257 847 490 897 Hyrcanum
509 846 618 885 misso
637 847 739 898 apud
754 845 903 899 Ioseph.
923 846 971 885 A.
984 846 1014 885 I.
1030 845 1142 895 XIV,
1155 847 1177 885 8
1190 878 1203 894 ,
1222 861 1313 902 pag.

50 899 146 951 699:
169 899 330 939 ἀνειπεῖν
342 900 386 939 Σὲ
399 905 462 939 τὸν
478 902 653 948 στέφανον
666 901 699 939 ἐν
716 899 768 948 τῴ
779 902 923 951 ὂεάτρῳ
939 900 1151 949 Διονυσίοις,
1166 915 1314 955 τραγῳ-

47 951 124 991 ὃῶν
137 951 210 992 τῶν
223 952 353 993 καινῶν
366 954 570 1007 ἀγομένων,
581 954 646 992 καὶ
659 954 941 999 Παναθηναίοις,
958 953 1022 991 καὶ
1033 954 1262 995 Ἐλευσινίοις
1275 956 1312 995 ἐν

46 1005 127 1045 τοῖς
147 1006 342 1059 γυμνικοῖς
363 1007 419 1060 ἀγ
430 1004 506 1046 (Σο-ι·
531 1020 618 1046 eum
642 1008 681 1046 in
705 1008 864 1046 modum
887 1005 1078 1060 postrema
1104 1008 1314 1050 constituo.

47 1059 202 1099 Verum
215 1073 265 1099 ex
281 1061 355 1101 hoc
370 1061 460 1101 loco
475 1060 581 1100 facile
593 1061 720 1100 cuivis
735 1062 774 1099 in
789 1072 957 1100 mentem
971 1062 1118 1108 veniat,
1136 1075 1207 1114 pro
1221 1078 1314 1114 τρά-

45 1112 195 1166 γῳέιῶν
211 1113 248 1152 in
262 1114 482 1166 Anonymo
495 1113 772 1167 Hypotheseos
788 1114 947 1154 aufiiore
959 1116 1224 1154 revocandum
1238 1117 1313 1156 effe

46 1166 274 1219 τραγῳέὦν·
288 1181 337 1208 eo
352 1170 487 1222 magis,
500 1168 604 1221 quod
619 1167 785 1207 insolens
799 1169 977 1221 quiddam
991 1169 1032 1208 &
1047 1169 1111 1208 vix
1128 1168 1312 1209 usitatum

46 1218 179 1266 sonet,
198 1221 418 1275 τραγῳδιῶν
435 1222 639 1276 ἀγομένων.
652 1222 778 1260 Immo
791 1235 873 1261 non
885 1222 1065 1269 diffiteor,
1080 1224 1204 1262 multo
1219 1224 1313 1263 mihi

0 1323 3 1326 y
47 1269 197 1327 p'hrasin
209 1276 484 1327 expeditiorem
500 1276 638 1324 videri,
656 1275 685 1314 si
703 1276 894 1328 corrigere
914 1276 1148 1316 concedatur
1163 1278 1315 1316 utrobi-

47 1340 124 1380 que
144 1328 352 1382 τραγῳεΓῶν
367 1330 648 1382 ἀγωνιζομένων
669 1328 814 1375 καινῶν,
831 1329 892 1375 &,
910 1329 1117 1382 τραγωὲὧν
1136 1330 1207 1369 τῶν
1226 1347 1315 1371 και-

47 1380 113 1421 νῶν
131 1381 185 1434 ἀγ
196 1383 421 1434 ωνιζομὲνων·
434 1396 522 1422 nam
535 1384 621 1423 licet
633 1382 855 1437 τραγῳὲοὺς
869 1383 907 1421 in
921 1384 993 1422 hac
1007 1383 1174 1423 formula
1187 1387 1315 1438 capias

47 1448 121 1487 pro
136 1435 231 1475 ludis
245 1436 330 1488 ipfis
343 1436 497 1476 scenicis
509 1466 520 1484 ,
540 1437 679 1490 quibus
697 1437 846 1477 aeiores
858 1449 984 1476 novas
996 1438 1211 1489 tragoedias
1228 1452 1314 1491 age-

47 1489 154 1535 bant,
166 1491 272 1542 quod
286 1490 492 1530 secundum
507 1491 683 1544 Scaligeri
695 1503 861 1530 mentem
874 1491 1022 1544 prolata
1034 1504 1055 1530 a
1066 1492 1177 1531 nobis
1187 1505 1314 1532 exem-

48 1543 110 1595 pla
133 1542 218 1582 satis
240 1544 454 1593 adstruunt,
478 1556 604 1584 tamen
632 1546 699 1583 vix
718 1545 939 1585 crediderim
950 1575 959 1588 ,
987 1546 1316 1598 quemadmodum

48 1595 281 1650 usurpantur
293 1598 478 1652 ἀγομένης
488 1597 537 1637 ‘riv‘
538 1614 555 1637 ς
568 1597 667 1650 {mii
670 1613 700 1647 ς,
713 1599 901 1652 ἀγομένων
913 1597 985 1637 τῶν
998 1600 1201 1647 Διονυσίων,
1216 1606 1316 1640 Παν-

47 1650 239 1698 αθηναίων,
252 1652 480 1703 Ὀλυμπίων,
495 1651 545 1692 fic
563 1653 716 1705 perinde
731 1654 803 1693 dici
824 1651 927 1705 poffe
941 1652 1153 1705 ’τραγῳέὦν
1169 1655 1317 1706 ἀγομέ-

49 1717 124 1744 νων·
139 1704 192 1744 est
207 1706 309 1745 enim
324 1706 363 1745 in
376 1707 433 1746 his
452 1707 565 1746 rebus
581 1718 766 1760 perceptu
781 1707 932 1759 quidem
948 1706 1105 1746 difficilis
1117 1737 1129 1753 ,
1146 1720 1314 1748 attamen

50 1758 188 1812 aliquis
199 1760 351 1807 modus,
373 1761 414 1800 &
425 1761 519 1800 certi
533 1759 628 1799 fines
637 1790 646 1805 ,
665 1762 765 1800 ultra
778 1774 878 1813 quos
891 1759 994 1808 usus,
1014 1774 1313 1815 quantacunque

49 1811 226 1853 libertate
247 1814 426 1866 gaudeat,
448 1827 528 1853 non
547 1815 736 1867 procedit:
755 1828 880 1866 neque
897 1827 918 1852 a
938 1827 1027 1854 meo
1047 1815 1194 1855 iudicio
1217 1817 1318 1856 mul·

51 1875 135 1904 tum
150 1866 394 1920 discrepabit,
413 1867 441 1906 si
462 1868 548 1920 quis
566 1869 604 1906 in
624 1868 705 1922 ipso
721 1868 909 1908 Aeschine
923 1867 977 1916 τῷ
991 1870 1188 1922 γινομένων
1209 1881 1319 1910 ante-

26 1934 32 1937 ’
51 1932 173 1972 ponat
184 1921 470 1973 ἀγωνιζομένων.
482 1922 665 1961 Ceterum
679 1936 749 1962 cur
762 1937 856 1976 τραγ
866 1922 972 1971 qusai}
984 1923 1122 1962 καινοῖς
1133 1924 1207 1962 dici
1220 1937 1317 1963 con-

53 1972 233 2022 sueverit,
245 1977 345 2015 ratio
357 1975 422 2022 est,
435 1976 542 2028 quod
553 1977 793 2016 Liberalibus
805 1977 961 2016 urbanis
971 1989 1051 2015 non
1063 1988 1209 2016 tantum
1224 1982 1318 2031 poe-

51 2036 113 2067 tae
126 2039 296 2069 recentes
309 2028 456 2068 fabulas
469 2030 506 2068 in
522 2029 671 2069 scenam
685 2031 832 2078 darent,
847 2042 890 2069 ut
905 2029 1045 2069 disertis
1058 2031 1185 2070 verbis
1202 2033 1318 2071 docet

53 2080 182 2121 Schol.
197 2082 391 2136 Aristoph.
409 2083 454 2122 ad
470 2084 571 2123 Nub.
591 2099 629 2123 v.
648 2099 690 2137 31
702 2099 717 2122 1
731 2115 740 2126 ,
759 2083 976 2137 praesertim
989 2084 1145 2137 Tragici
1159 2086 1320 2125 tetralo-

0 2138 2 2147 '
55 2136 135 2187 gias
155 2135 256 2184 suas,
276 2150 393 2188 quam
408 2137 448 2175 in
462 2151 543 2177 rem
557 2140 732 2190 egregius
747 2137 822 2184 est,
840 2150 878 2176 at
893 2152 1026 2190 parum
1048 2138 1233 2178 haRenus
1245 2171 1256 2188 ‚
1277 2140 1319 2178 ni

54 2188 183 2235 fallor,
198 2190 408 2239 intellecius
423 2190 609 2244 Diogenis
629 2192 670 2230 L.
688 2193 798 2230 locus
816 2191 894 2237 111,
922 2195 967 2243 56
979 2222 990 2236 ,
1007 2190 1069 2230 sed
1082 2193 1197 2230 etiam
1211 2195 1319 2233 aeto-

55 2256 116 2282 res
131 2242 267 2283 scenici
282 2243 383 2283 sorte
398 2244 496 2284 ducii
515 2245 590 2284 suis
601 2244 761 2298 quisque
776 2247 902 2297 po'e'tis
916 2246 1225 2284 attribuerentur.
1243 2248 1320 2285 At-

56 2310 133 2350 que
153 2297 246 2337 haec
267 2297 320 2337 est
344 2299 406 2337 illa
428 2303 576 2349 νεμησις
597 2297 816 2351 ὑποκριτῶν,
832 2300 876 2338 de
894 2313 971 2352 qua
990 2299 1174 2349 Heiychii
1197 2300 1319 2338 verba

55 2350 252 2399 nonnihil,
273 2365 388 2405 quam
410 2353 642 2405 vulgantur,
664 2353 921 2392 emendatiora
943 2366 1163 2405 proponere
1185 2354 1319 2393 iuvat:

59 2404 221 2454 Νέμησις
237 2403 451 2458 ὑποκριτῶν·
467 2405 497 2445 οἱ
511 2408 666 2446 ποιηταὶ
684 2407 889 2457 ἐλάμβανον
906 2407 1001 2458 τρεῖς
1015 2406 1215 2459 ὑποκριτὰς
1231 2406 1323 2445 κλή-

56 2473 104 2509 ρῳ
124 2457 356 2507 νεμηθέντας,
378 2455 692 2513 ὗποκρινουμένους
715 2462 767 2498 τοι
790 2459 990 2514 δράματα.
1011 2455 1055 2500 ι’ἷν
1072 2460 1087 2498 ὁ
1107 2458 1256 2500 νικήσας
1271 2461 1322 2499 είς

58 2507 210 2554 τούπιὸν
225 2512 381 2566 ἀκρίτως
393 2514 698 2568 παρελάμβανεν·
713 2514 816 2558 ἔστιν
827 2516 885 2556 ουν
896 2517 945 2557 ῶς
959 2514 1003 2555 ἂν
1020 2514 1109 2570 (vel
1123 2510 1208 2568 οἷον)
1223 2513 1323 2565 dioec}
