1737 3378
404 225 489 287 176
600 214 1466 264 ANNOTATIONES

448 309 522 346 ead.
544 306 569 345 l.
590 319 628 355 7.
646 301 883 357 Κατῆρξατο)
900 304 956 343 Ut
978 303 1038 343 hic
1059 303 1168 343 locus
1190 303 1292 343 reete
1312 302 1561 354 intelligatur,
1580 313 1655 344 voi

393 362 449 400 cis
474 360 728 411 κατάρχομαι
759 356 884 398 sensus
911 356 1155 397 adstruendus
1180 357 1257 402 est,
1283 369 1398 410 quem
1430 357 1549 397 lexica
1573 369 1655 396 non

393 415 480 453 satis
502 412 634 452 diserte
672 422 867 451 notarunt.
900 410 964 450 De
991 410 1125 450 ritibus
1153 411 1307 463 proprie
1335 408 1558 463 usurpatur,
1588 410 1657 464 qui

394 467 574 507 viffimae
593 466 859 506 maGtationem
879 465 1119 504 antecedunt.
1141 465 1219 503 vid.
1243 464 1371 504 schol.
1396 463 1526 518 Eurip.
1547 463 1594 503 ad
1615 477 1658 504 v.

395 535 448 570 40
481 521 604 574 Iphig.
638 521 675 558 in
698 519 816 559 Taur.
845 519 1108 571 Κατάρχομαι
1135 518 1229 569 μὲν,
1252 518 1406 571 σφάγια
1438 516 1476 556 θ’
1502 518 1658 557 ἄλλοισι

396 577 517 627 μέλει.
553 573 829 626 κατάρχομαι,
860 573 984 625 inquit
1007 570 1254 616 Scholiastes,
1279 567 1525 624 οὐλοχύτας,
1554 568 1660 614 τοῦτ’,

396 628 483 669 ἐστὶ
507 628 729 681 προθύματα
748 640 856 673 τινα,
877 622 924 665 ὦς
947 625 1018 666 ἔθος
1045 625 1219 683 ἀρχαίοις
1236 620 1432 673 Ἕλλησιν,
1456 623 1499 676 ἐξ
1523 620 1661 673 οὗλῶν,’

398 681 515 736 ἶν’·γουν
542 680 663 734 κριθῶν
694 679 789 719 ἁλσὶ
807 680 1074 731 μεμιγμένων,
1097 679 1196 717 οἱονεί
1222 692 1327 718 τινας
1353 679 1550 730 ἀπαρχὰς
1572 677 1659 717 ἐπι·

394 739 481 790 χέω
501 735 578 775 τοῖς
596 733 743 783 βωμοῖς.
764 733 825 772 Eo
844 732 950 772 sensu
973 732 1130 786 usurpat
1153 730 1292 771 Noster
1306 731 1392 784 Τοξ.
1411 743 1496 784 cap.
1517 731 1554 771 6.
1576 731 1657 772 Hic

399 791 498 830 idem
521 789 646 836 valet,
665 787 771 839 quod
793 788 847 825 τὰ
868 787 1068 837 προτέλεια
1088 786 1163 825 &c.
1184 789 1302 825 Μισῧ.
1328 798 1362 824 c.
1395 799 1453 833 14.
1472 784 1631 825 SOLAN.

450 846 522 882 ead.
550 843 573 882 l.
596 841 630 880 8.
650 844 707 895 Τρι
730 855 794 890 πς.
822 837 892 880 τῆς
914 839 975 892 τ.)
999 839 1154 879 POterat
1176 839 1367 891 interponi
1388 838 1452 889 μοὶ
1482 833 1575 878 εἶναι
1599 840 1655 878 τὲι

394 914 457 949 πρ.
481 896 545 935 vel
566 895 629 945 μοὶ
662 894 754 934 εἶναι
777 907 843 944 πς.
875 892 936 932 sed
965 893 1057 931 nihil
1079 905 1180 946 opus
1201 894 1366 932 videtur.
1388 892 1588 944 Eleganter
1613 892 1656 931 in

394 951 470 991 hac
490 961 593 990 voce
615 946 874 987 transferenda
889 946 1027 986 Graeci
1044 946 1239 985 luxuriant
1252 975 1265 992 ,
1289 944 1507 999 praesertim
1528 957 1659 986 recen-

393 1006 537 1044 tiores:
561 1015 650 1041 nam
670 1013 822 1041 veteres
838 1000 910 1048 illi,
930 999 1130 1052 castigatae
1151 999 1377 1052 sobriaeque
1396 999 1580 1039 orationis
1602 998 1657 1039 le·

394 1059 506 1111 gibus
532 1054 721 1102 adstri&i‚
745 1055 908 1108 parcius.
935 1053 980 1092 In
1000 1053 1145 1107 Sophili
1172 1052 1302 1092 fabula
1318 1052 1538 1104 Phylarcho
1554 1052 1657 1107 apud

395 1112 540 1152 Athen.
561 1108 638 1156 ΙΙΙ,
658 1124 695 1162 ρ.
723 1122 795 1148 100
810 1109 860 1147 A.
876 1107 1086 1160 parasitus,
1107 1108 1196 1146 dum
1218 1108 1341 1161 prima
1363 1105 1512 1146 mensae
1532 1105 1657 1146 fercu-

393 1166 432 1205 la
459 1166 736 1218 imponuntur,
757 1163 853 1201 bene
872 1161 941 1200 fibi
961 1160 1045 1201 fore
1066 1162 1284 1210 ominatur,
1305 1163 1359 1199 τὰ
1380 1160 1576 1212 προοίμια,
1597 1161 1658 1200 in-

395 1219 532 1273 quiens
546 1249 560 1265 ,
581 1217 656 1270 ὅρῶ.
677 1216 719 1255 &
734 1216 867 1255 Alexis
881 1229 918 1269 p.
939 1230 1011 1265 107
1028 1215 1069 1254 B.
1089 1215 1211 1254 Strab.
1230 1215 1271 1260 Ι,
1288 1228 1324 1268 p.
1344 1226 1389 1266 35
1415 1214 1460 1253 B.
1482 1210 1659 1263 φιλειὸᾖ-

395 1288 475 1325 μων
499 1274 578 1325 ’γὰρ
609 1270 625 1309 ὃ
655 1271 851 1322 ἄνθρωπος·
875 1273 920 1308 τὸ
941 1270 1125 1322 προοίμιον
1152 1267 1197 1308 sk
1218 1269 1350 1307 τούτου
1373 1270 1419 1306 τὶ
1440 1266 1658 1318 φιλόμυθον·

400 1328 512 1381 quod
536 1325 698 1379 propius
723 1325 770 1363 ad
794 1319 979 1363 Nostrum
1006 1323 1173 1371 accedit,
1194 1322 1209 1360 ὁ
1233 1322 1267 1361 ἐν
1289 1322 1488 1375 προοιμίοις
1509 1319 1576 1362 τῆς
1595 1321 1659 1361 τέ-

395 1395 525 1434 χνης,
540 1379 639 1432 apud
660 1378 790 1417 Liban.
813 1378 884 1416 Or.
910 1376 1106 1424 XXVIII,
1127 1391 1163 1429 p.
1192 1377 1270 1428 619
1288 1376 1338 1414 A.
1362 1375 1468 1427 paria
1492 1375 1657 1428 reperies

397 1437 440 1475 &
463 1432 681 1476 verecunde
697 1430 877 1471 translata
900 1432 936 1469 in
956 1431 1117 1470 Maxim.
1140 1430 1240 1481 Tyr.
1265 1428 1315 1468 D.
1331 1428 1387 1468 IX
1401 1459 1414 1476 ,
1429 1442 1465 1482 p.
1481 1442 1533 1482 94
1543 1459 1561 1479 ‚¹
1572 1429 1660 1469 Ari·

395 1488 476 1528 stid.
497 1488 547 1527 T.
568 1486 646 1534 III,
668 1500 703 1539 p.
733 1497 805 1539 305
820 1516 832 1534 ‚
859 1498 956 1537 309,
977 1483 1151 1523 Philostr.
1177 1484 1222 1523 de
1244 1483 1295 1522 V.
1311 1482 1425 1530 S.11,
1450 1495 1535 1536 pag.
1564 1496 1660 1535 5793

398 1555 449 1583 ne
464 1542 598 1595 plura,
615 1540 721 1594 quod
734 1538 843 1579 facile
855 1539 975 1584 foret,
993 1550 1214 1591 congeram.
1233 1536 1368 1576 Iuven.
1387 1536 1561 1576 imitatur
1579 1534 1659 1583 ΙΙΙ,

397 1596 499 1636 288:
517 1618 561 1625 —
576 1594 714 1647 miserae
731 1593 889 1645 cognosce
902 1593 1074 1646 prooemia
1099 1593 1204 1631 rixae.
1220 1590 1532 1630 Declamatorem
1549 1589 1659 1630 illum

397 1651 471 1690 vix
491 1649 601 1696 fero,
619 1648 686 1702 qui
710 1647 925 1701 Palaephati
946 1656 1062 1699 caput
1085 1659 1134 1696 47
1149 1645 1193 1685 de
1209 1644 1438 1697 Hyacintho
1459 1644 1498 1683 in
1520 1644 1659 1684 florem

398 1703 513 1744 verso
533 1703 806 1743 concinnavit:
829 1702 983 1755 λέγουσι
1006 1699 1043 1738 θ’
1069 1699 1126 1739 ὅτι
1149 1699 1212 1738 καὶ
1240 1697 1304 1740 τῆς
1334 1699 1592 1752 προσηγορίας
1618 1697 1658 1738 ἐν

398 1758 560 1809 φύλλοις
583 1757 678 1809 ἕπε’)
689 1757 885 1808 ε’·γραπται
911 1757 952 1793 το
974 1754 1166 1806 προοίμιον.
1196 1753 1278 1793 Nec
1296 1751 1383 1793 sane
1407 1765 1469 1792 me
1491 1752 1660 1792 multum

398 1812 503 1865 capit
527 1811 651 1851 audax
670 1809 795 1850 Basilii
816 1809 960 1848 Seleuc.
984 1806 1107 1860 figura
1130 1808 1169 1846 in
1194 1807 1276 1847 Vit.
1291 1806 1428 1846 Thecl.
1451 1820 1486 1859 p.
1505 1805 1551 1855 8,
1572 1805 1662 1845 ’1κό-

398 1881 468 1906 ιίον
490 1866 605 1906 πόλις
626 1863 693 1904 τῆς
713 1861 882 1903 Πισιδᾪῖν
908 1861 972 1902 καὶ
995 1859 1147 1914 Φρυγῶν
1170 1861 1301 1914 χώρας
1328 1860 1361 1901 ἐν
1382 1860 1557 1913 προοιμίῳ
1582 1873 1661 1898 κει·

397 1920 503 1971 μένη·
529 1918 767 1959 Constantin.
788 1916 926 1970 Porph.
950 1916 996 1956 de
1020 1915 1159 1955 Them.
1182 1916 1221 1962 1,
1244 1927 1328 1968 pag.
1350 1928 1421 1968 34,
1439 1916 1493 1953 τὰ
1516 1912 1562 1952 ἑὲ
1582 1909 1660 1952 ἐίνω

400 1973 471 2013 καὶ
492 1973 692 2025 μεσὸγαια
711 1970 777 2011 τιῖς
795 1972 934 2022 μικρῖις
958 1970 1148 2022 Ἀρμενίοις
1173 1969 1243 2007 εἰσὶ
1263 1968 1449 2021 προοίμια·
1466 1966 1572 2020 quod
1593 1979 1660 2020 ge-

398 2041 472 2067 nus
497 2027 631 2067 fimilia
654 2024 782 2065 nescio
802 2024 998 2078 equidem,
1019 2036 1069 2062 an
1094 2034 1245 2064 veteres
1261 2021 1313 2061 illi
1333 2021 1578 2075 eloquentiae
1595 2033 1662 2060 na·

398 2082 513 2122 turali
527 2082 637 2121 cultu
659 2079 813 2119 nitentis
831 2077 1007 2118 austores
1026 2078 1136 2118 licere
1150 2076 1217 2115 fibi
1238 2076 1443 2115 voluerint.
1463 2074 1663 2115 Praeterea

400 2136 618 2183 Lucianus‚
632 2146 675 2174 ut
697 2134 880 2180 arbitror,
894 2132 1099 2172 solemnem
1115 2131 1227 2170 huius
1245 2131 1356 2170 vocis
1369 2131 1410 2168 in
1423 2127 1535 2171 sacris
1548 2127 1662 2168 usum

399 2189 609 2243 spe&avit;
634 2200 761 2240 eoque
792 2187 933 2239 magis,
957 2186 1062 2239 quod
1091 2184 1291 2239 praecedat
1311 2184 1472 2223 indidem
1497 2183 1660 2236 petitum

401 2242 634 2295 κατήρξατο·
661 2254 748 2281 nam
773 2245 948 2293 προοίμια
981 2239 1066 2279 sunt
1087 2238 1280 2293 praeludia
1305 2238 1544 2290 hymnorum
1560 2267 1572 2285 ,
1593 2235 1663 2289 qui

400 2297 568 2337 victimis
600 2297 638 2334 in
671 2309 773 2335 aram
799 2293 985 2347 impositis
1010 2293 1315 2333 decantabantur.
1346 2291 1429 2331 Pari
1460 2290 1580 2330 modo
1598 2289 1663 2329 lu-

401 2352 491 2390 lian.
520 2351 593 2390 Or.
613 2349 672 2397 II.
702 2364 737 2403 p.
772 2349 818 2401 56
841 2349 894 2388 D.
922 2351 984 2388 τον
1007 2348 1049 2386 ἐκ
1075 2349 1244 2387 τοιούτων
1270 2347 1460 2399 προοιμίων
1485 2344 1550 2383 καὶ
1572 2358 1663 2395 προ-

401 2405 527 2455 νομίων
554 2404 769 2457 ἀρξάμενον.
789 2415 890 2455 quae
910 2412 1072 2455 utraque
1097 2401 1218 2440 iunxit
1242 2401 1355 2440 etiam
1382 2396 1517 2451 Synes.
1544 2395 1659 2438 Calv-

404 2459 495 2498 Enc.
519 2472 555 2511 p.
581 2458 633 2499 66
663 2457 717 2497 D.
739 2458 900 2496 HEMST.

456 2516 529 2554 ead.
557 2512 582 2552 l.
608 2525 644 2566 9.
667 2518 806 2565 Συνεχ.
833 2508 1042 2563 ἀναλύζων)
1062 2508 1234 2554 Emendo
1260 2505 1499 2560 ἀνολολύζων.
1523 2505 1667 2546 BROD.
