1737 3378
201 234 711 311 SCRIPTJSQUE
745 233 1094 282 LUCIANI.
1202 242 1299 281 LXI

36 343 100 392 sic
123 347 444 391 incenduntur
466 345 634 405 potius.
670 345 763 390 Sed
798 345 838 389 8c
868 344 1024 403 postea
1050 344 1297 407 detegens,

40 427 142 458 non
163 410 247 456 effe
277 412 334 455 ab
352 409 506 455 nostro
530 406 761 468 profefflos
787 408 1026 469 dialogum
1047 409 1180 453 illum
1206 410 1298 453 im-

39 476 282 536 puriorem
307 476 534 519 Amorum,
565 473 825 532 scriptaque
855 483 1004 515 cetera
1029 473 1298 534 diligentius

39 537 318 600 pertraftans
337 572 349 593 ‚
382 537 628 598 benignius
657 536 715 581 de
744 532 931 581 auctore
953 537 1206 583 existimare
1226 538 1298 581 di-

39 604 154 654 dici3
180 604 256 649 cui
278 614 435 647 tamen
455 600 495 644 gc
517 601 763 660 pessimum
786 600 923 644 illum
944 599 1184 662 dialogum
1203 602 1300 645 Me⁴

37 671 257 714 rem-icium
273 667 312 712 V
329 665 593 710 abiudicare
621 663 747 725 posse
765 664 936 709 vellem
952 697 964 718 ,
985 665 1034 708 in
1053 665 1183 710 cuius
1202 665 1297 709 fine

39 734 248 792 aliquam
277 731 474 789 quidem
505 729 698 788 pudoris
728 729 797 773 sui
826 728 1155 773 conscientiam
1187 745 1300 789 pro-

38 797 109 840 dit
122 831 134 851 ‚
156 796 325 840 nimius
342 806 501 839 tamen
519 793 608 838 fuit
628 793 721 853 ipse
739 794 831 837 iam
849 795 1110 852 turpiculus
1128 793 1178 837 in
1198 793 1298 837 eius

34 857 214 921 picium
229 894 240 915 ,
268 876 413 918 quam
436 860 576 920 longe
595 858 736 921 magis
757 857 965 902 odiosam
982 891 994 913 ‚
1018 857 1184 902 omiffis
1209 857 1299 901 ob-

36 924 389 978 scoenitatibus,
409 921 629 983 potuiffet
645 937 912 982 proponere
925 955 937 977 ‚
953 921 984 966 fi
1000 938 1106 968 vere
1124 923 1181 967 ab
1199 933 1298 966 tur-

36 989 258 1050 pitudine
273 985 577 1033 abhorruisset
592 1006 601 1037 ;
614 987 700 1045 >sed
720 1003 828 1032 curn
849 987 1073 1031 naturalia
1091 1003 1192 1031 non
1210 985 1298 1030 esse

34 1054 190 1113 turpia
209 1054 328 1097 male
354 1068 464 1097 cum
493 1052 682 1111 perditis
702 1051 937 1111 Epicureis
966 1051 1134 1096 sentire
1162 1051 1297 1096 vide-

35 1128 114 1163 tur
130 1152 142 1173 ⁷
168 1118 381 1162 licentius
400 1117 447 1160 in
470 1117 537 1160 his
564 1116 646 1160 fibi
670 1115 887 1172 indulsit,
913 1116 1021 1175 qui,
1040 1117 1148 1160 licet
1175 1116 1298 1160 nulli

35 1178 180 1227 sedae
203 1178 412 1226 addifflus
436 1180 604 1236 fuerit,
637 1181 841 1240 Epicuro
873 1191 1031 1225 tamen
1061 1196 1170 1240 prae
1200 1180 1299 1224 aliis

34 1247 246 1302 favebat,
273 1246 402 1290 cuius
427 1245 768 1290 continentiam
787 1245 1076 1305 virtutesque
1107 1245 1295 1290 amavit.

34 1312 167 1371 (loca
191 1327 250 1355 ex
269 1309 429 1354 Indice
452 1310 549 1369 peti
570 1308 805 1370 possunt.)

101 1375 250 1420 Amor
273 1386 430 1420 autem
462 1374 559 1419 eius
588 1375 637 1418 in
669 1390 799 1419 veros
832 1373 1136 1434 philosophos
1165 1386 1297 1434 patet

35 1457 96 1487 ex
120 1440 332 1501 pluribus
360 1439 497 1494 locis,
529 1439 671 1498 seque
692 1439 963 1499 impostores
992 1450 1182 1484 tantum
1205 1450 1299 1484 tra-

36 1506 209 1550 ducere
225 1539 238 1560 ,
261 1504 424 1548 diserte
443 1504 504 1548 ait
521 1503 632 1563 Pisc.
653 1520 689 1548 c.
721 1518 772 1560 15
794 1538 806 1559 ‚
835 1520 887 1548 ac
905 1504 1087 1548 virtutis
1113 1516 1295 1549 amato-

31 1587 132 1616 rem
158 1570 202 1614 se
228 1571 489 1629 profitetur.
516 1569 636 1612 Vide
658 1568 751 1613 Vit.
772 1568 952 1613 Demon.
981 1585 1021 1621 c.,
1041 1584 1062 1614 Q
1080 1602 1092 1624 ‚
1114 1568 1143 1612 f.
1170 1568 1211 1612 Sc
1236 1586 1259 1628 3
1279 1603 1298 1626 ,

33 1635 120 1679 ubi
143 1634 202 1678 ad
225 1635 448 1679 virtutem
472 1632 512 1677 8c
531 1633 770 1678 bonorum
793 1635 1122 1693 exemplorum
1142 1633 1298 1678 imita-

29 1699 215 1744 tionem
238 1699 462 1743 hortatur.
497 1698 633 1742 Adde
658 1696 948 1757 &Nigrinum
965 1733 978 1745 ,
1003 1698 1187 1756 aliaque
1217 1699 1296 1743 hic

29 1779 133 1809 non
155 1762 421 1823 repetenda.
455 1761 547 1806 Sed
565 1761 606 1806 Sc
623 1763 850 1806 sinceritas
880 1763 977 1806 eius
1001 1773 1130 1822 patet
1148 1779 1207 1806 ex
1224 1774 1297 1807 te·-

31 1829 250 1874 stimonio
278 1827 471 1888 peffimo
498 1827 556 1871 ab
584 1828 852 1871 Alexandro
878 1827 1223 1872 Pseudomante
1242 1829 1295 1872 in

33 1893 302 1939 Lucianum
321 1892 628 1952 pronuntiato
643 1927 655 1948 ,
681 1908 718 1936 c.
738 1893 834 1936 eius
851 1891 968 1935 Dial.
990 1908 1044 1948 54
1064 1911 1073 1936 :
1094 1891 1296 1940 Νοέῖἱνα-

26 1975 85 2018 go
111 1958 276 2018 gaudet
303 1960 441 2004 coitu,
475 1958 701 2019 incfstoque
735 1958 873 2001 cubili.
912 1958 1047 2017 quod
1075 1959 1295 2003 omittere

31 2021 275 2083 potuisset:
307 2034 352 2065 at
371 2021 576 2081 proferre
605 2038 704 2066 non
732 2033 944 2077 veretur,
971 2022 1082 2081 quia
1112 2039 1167 2066 eo
1192 2039 1296 2069 non

31 2086 337 2149 tangebatur3
365 2102 452 2131 nec
475 2087 624 2131 verbis
650 2087 845 2142 refutat,
873 2087 982 2145 quia
1005 2086 1100 2146 ipsa
1125 2088 1219 2131 vita
1242 2088 1295 2133 id

33 2151 280 2196 refutabat.
313 2151 441 2196 Tum
474 2151 514 2196 Sc
537 2151 745 2196 honestas
773 2152 968 2196 Luciani
994 2164 1123 2211 patet
1152 2168 1210 2196 ex
1235 2170 1294 2198 eo

33 2215 160 2276 ipso,
198 2215 333 2276 quod
362 2216 697 2261 causidicorum
736 2233 923 2280 gregem
952 2217 1193 2276 reliquerit
1228 2219 1294 2263 ob

33 2279 216 2325 fraudes
243 2279 282 2324 &
302 2281 544 2325 mendacia
559 2316 571 2336 ‚
589 2283 727 2326 Reviv.
751 2298 786 2325 c.
814 2296 884 2340 29.

99 2345 407 2390 Christianum
432 2347 679 2406 quondam
701 2345 831 2390 fuisse
855 2347 1053 2390 minime
1085 2360 1289 2409 exputo:

33 2410 200 2454 melius
213 2410 339 2454 enim
355 2427 519 2455 eorum
536 2411 754 2472 dogmata
769 2410 957 2455 scivisset
970 2446 981 2465 7
999 2428 1085 2456 nec
1103 2413 1153 2457 lu
1162 2416 1293 2459 daeo=

34 2489 140 2518 rum
161 2475 272 2519 ritus
296 2491 406 2520 curn
431 2475 605 2520 horum
624 2475 902 2521 confudisset
916 2510 928 2531 ‚
949 2489 1001 2521 ut
1021 2478 1106 2536 qui
1124 2479 1209 2522 illis
1227 2479 1294 2523 sa·-

32 2538 242 2584 cerdotes
268 2537 307 2584 Sc
328 2540 493 2589 scribas
515 2540 805 2588 ludaeorum
823 2542 1023 2600 tribuat,
1047 2544 1098 2588 in
1115 2543 1294 2606 Peregr.
