<?xml version="1.0" encoding="UTF-8"?>
<!DOCTYPE html PUBLIC "-//W3C//DTD XHTML 1.0 Transitional//EN"
    "http://www.w3.org/TR/xhtml1/DTD/xhtml1-transitional.dtd">
<html xmlns="http://www.w3.org/1999/xhtml" xml:lang="en" lang="en">
 <head>
  <title>
</title>
<meta http-equiv="Content-Type" content="text/html;charset=utf-8" />
  <meta name='ocr-system' content='tesseract 3.04.00' />
  <meta name='ocr-capabilities' content='ocr_page ocr_carea ocr_par ocr_line ocrx_word'/>
</head>
<body>
  <div class='ocr_page' id='page_1' title='image "./operagraeceetlat01luciuoft/operagraeceetlat01luciuoft_0064.png"; bbox 0 0 1737 3378; ppageno 0'>
   <div class='ocr_carea' id='block_1_1' title="bbox 417 257 1411 318">
    <p class='ocr_par' dir='ltr' id='par_1_1' title="bbox 417 257 1411 318">
     <span class='ocr_line' id='line_1_1' title="bbox 417 257 1411 318; baseline -0.001 -8"><span class='ocrx_word' id='word_1_1' title='bbox 417 277 500 311; x_wconf 76' lang='lat' dir='ltr'>nr</span> <span class='ocrx_word' id='word_1_2' title='bbox 707 257 811 304; x_wconf 80' lang='lat' dir='ltr'>DE</span> <span class='ocrx_word' id='word_1_3' title='bbox 851 258 1182 318; x_wconf 84' lang='lat' dir='ltr'><em>AETATE,</em></span> <span class='ocrx_word' id='word_1_4' title='bbox 1223 261 1411 309; x_wconf 83' lang='lat' dir='ltr'><em>VITA</em></span> 
     </span>
    </p>
   </div>
   <div class='ocr_carea' id='block_1_2' title="bbox 401 368 1682 2619">
    <p class='ocr_par' dir='ltr' id='par_1_2' title="bbox 401 368 1682 2619">
     <span class='ocr_line' id='line_1_2' title="bbox 425 368 1682 429; baseline 0.002 -15"><span class='ocrx_word' id='word_1_5' title='bbox 425 371 525 429; x_wconf 78' lang='lat'>15.)</span> <span class='ocrx_word' id='word_1_6' title='bbox 557 368 724 424; x_wconf 68' lang='grc' dir='ltr'>’Ένῖρεπε</span> <span class='ocrx_word' id='word_1_7' title='bbox 757 370 795 411; x_wconf 78' lang='grc' dir='ltr'>δὲ</span> <span class='ocrx_word' id='word_1_8' title='bbox 827 371 894 412; x_wconf 78' lang='grc' dir='ltr'><strong><em>καί</em></strong></span> <span class='ocrx_word' id='word_1_9' title='bbox 931 372 988 422; x_wconf 79' lang='grc' dir='ltr'>τῷ</span> <span class='ocrx_word' id='word_1_10' title='bbox 1022 369 1186 424; x_wconf 80' lang='grc' dir='ltr'><em>βασιλεῖ</em></span> <span class='ocrx_word' id='word_1_11' title='bbox 1214 374 1269 424; x_wconf 83' lang='grc' dir='ltr'>τῷ</span> <span class='ocrx_word' id='word_1_12' title='bbox 1303 372 1472 426; x_wconf 74' lang='grc' dir='ltr'><em>μεγάλῳ</em></span> <span class='ocrx_word' id='word_1_13' title='bbox 1511 371 1682 429; x_wconf 69' lang='grc' dir='ltr'><strong><em>χρηστῷ</em></strong></span> 
     </span>
     <span class='ocr_line' id='line_1_3' title="bbox 421 435 1680 489; baseline 0 -11"><span class='ocrx_word' id='word_1_14' title='bbox 421 439 488 478; x_wconf 75' lang='lat' dir='ltr'>xxi</span> <span class='ocrx_word' id='word_1_15' title='bbox 520 435 646 489; x_wconf 68' lang='grc' dir='ltr'>ἡμέρῳ</span> <span class='ocrx_word' id='word_1_16' title='bbox 679 437 777 482; x_wconf 76' lang='grc' dir='ltr'><strong><em>ὄντι,</em></strong></span> <span class='ocrx_word' id='word_1_17' title='bbox 806 437 873 476; x_wconf 77' lang='grc' dir='ltr'>καὶ</span> <span class='ocrx_word' id='word_1_18' title='bbox 901 438 1017 476; x_wconf 78' lang='grc' dir='ltr'><em>τοῦτο</em></span> <span class='ocrx_word' id='word_1_19' title='bbox 1040 437 1142 487; x_wconf 70' lang='grc' dir='ltr'><em>μετὰ</em></span> <span class='ocrx_word' id='word_1_20' title='bbox 1168 440 1246 478; x_wconf 79' lang='grc' dir='ltr'>τῶν</span> <span class='ocrx_word' id='word_1_21' title='bbox 1269 439 1402 478; x_wconf 78' lang='grc' dir='ltr'><em>ἄλλων</em></span> <span class='ocrx_word' id='word_1_22' title='bbox 1427 436 1590 489; x_wconf 71' lang='grc' dir='ltr'><em>ἀγαθῶν</em></span> <span class='ocrx_word' id='word_1_23' title='bbox 1616 437 1680 479; x_wconf 78' lang='grc' dir='ltr'>εὖ·</span> 
     </span>
     <span class='ocr_line' id='line_1_4' title="bbox 421 497 1681 554; baseline 0.002 -14"><span class='ocrx_word' id='word_1_24' title='bbox 421 501 669 551; x_wconf 57' lang='lat' dir='ltr'>&amp;arpeo-afferat,</span> <span class='ocrx_word' id='word_1_25' title='bbox 703 501 754 542; x_wconf 83' lang='grc' dir='ltr'>ὡς</span> <span class='ocrx_word' id='word_1_26' title='bbox 785 498 841 541; x_wconf 80' lang='grc' dir='ltr'>ἐπ’</span> <span class='ocrx_word' id='word_1_27' title='bbox 874 497 996 541; x_wconf 80' lang='grc' dir='ltr'><em>αὐτοῦ</em></span> <span class='ocrx_word' id='word_1_28' title='bbox 1022 501 1089 541; x_wconf 74' lang='grc' dir='ltr'>καὶ</span> <span class='ocrx_word' id='word_1_29' title='bbox 1121 504 1239 554; x_wconf 72' lang='grc' dir='ltr'><strong><em>φῦναι</em></strong></span> <span class='ocrx_word' id='word_1_30' title='bbox 1271 505 1442 551; x_wconf 70' lang='grc' dir='ltr'>γυναῖκα</span> <span class='ocrx_word' id='word_1_31' title='bbox 1467 503 1681 553; x_wconf 78' lang='grc' dir='ltr'><strong><em>τοιαύτην,</em></strong></span> 
     </span>
     <span class='ocr_line' id='line_1_5' title="bbox 421 563 1679 615; baseline 0.001 -9"><span class='ocrx_word' id='word_1_32' title='bbox 421 568 490 606; x_wconf 77' lang='grc' dir='ltr'>καὶ</span> <span class='ocrx_word' id='word_1_33' title='bbox 510 567 701 607; x_wconf 71' lang='grc' dir='ltr'>συνοῦσαν</span> <span class='ocrx_word' id='word_1_34' title='bbox 726 563 834 615; x_wconf 76' lang='grc' dir='ltr'><em>αὐτῷ</em></span> <span class='ocrx_word' id='word_1_35' title='bbox 856 563 977 606; x_wconf 62' lang='grc' dir='ltr'><em>ποθεῖν</em></span> <span class='ocrx_word' id='word_1_36' title='bbox 999 563 1131 606; x_wconf 72' lang='grc' dir='ltr'><em>αὐτόν.</em></span> <span class='ocrx_word' id='word_1_37' title='bbox 1160 563 1439 608; x_wconf 73' lang='lat' dir='ltr'><em>Conveniebat</em></span> <span class='ocrx_word' id='word_1_38' title='bbox 1471 565 1605 610; x_wconf 79' lang='lat' dir='ltr'>enim,</span> <span class='ocrx_word' id='word_1_39' title='bbox 1630 575 1679 607; x_wconf 78' lang='lat' dir='ltr'>ut</span> 
     </span>
     <span class='ocr_line' id='line_1_6' title="bbox 420 627 1680 690; baseline 0 -18"><span class='ocrx_word' id='word_1_40' title='bbox 420 629 684 690; x_wconf 73' lang='lat' dir='ltr'><em>Imperator,</em></span> <span class='ocrx_word' id='word_1_41' title='bbox 720 629 792 688; x_wconf 79' lang='lat' dir='ltr'>qui</span> <span class='ocrx_word' id='word_1_42' title='bbox 820 629 886 672; x_wconf 80' lang='lat' dir='ltr'>vir</span> <span class='ocrx_word' id='word_1_43' title='bbox 919 627 1046 670; x_wconf 77' lang='lat' dir='ltr'>bonus</span> <span class='ocrx_word' id='word_1_44' title='bbox 1082 629 1136 688; x_wconf 61' lang='grc' dir='ltr'><em>ψ</em></span> <span class='ocrx_word' id='word_1_45' title='bbox 1171 629 1212 671; x_wconf 69' lang='lat' dir='ltr'>d:</span> <span class='ocrx_word' id='word_1_46' title='bbox 1247 628 1514 687; x_wconf 82' lang='lat' dir='ltr'>mansuetus,</span> <span class='ocrx_word' id='word_1_47' title='bbox 1553 628 1680 672; x_wconf 79' lang='lat' dir='ltr'>huius</span> 
     </span>
     <span class='ocr_line' id='line_1_7' title="bbox 420 692 1681 754; baseline -0.001 -17"><span class='ocrx_word' id='word_1_48' title='bbox 420 695 548 738; x_wconf 80' lang='lat' dir='ltr'>etiam</span> <span class='ocrx_word' id='word_1_49' title='bbox 577 693 670 736; x_wconf 85' lang='lat' dir='ltr'>boni</span> <span class='ocrx_word' id='word_1_50' title='bbox 684 692 921 754; x_wconf 67' lang='lat' dir='ltr'>pcff’ffione</span> <span class='ocrx_word' id='word_1_51' title='bbox 950 708 1034 734; x_wconf 79' lang='lat' dir='ltr'>una</span> <span class='ocrx_word' id='word_1_52' title='bbox 1066 708 1158 734; x_wconf 80' lang='lat' dir='ltr'>cum</span> <span class='ocrx_word' id='word_1_53' title='bbox 1192 692 1313 738; x_wconf 72' lang='lat' dir='ltr'>aliis,</span> <span class='ocrx_word' id='word_1_54' title='bbox 1350 709 1455 752; x_wconf 82' lang='lat' dir='ltr'>quae</span> <span class='ocrx_word' id='word_1_55' title='bbox 1484 693 1570 735; x_wconf 82' lang='lat' dir='ltr'>iam</span> <span class='ocrx_word' id='word_1_56' title='bbox 1600 692 1681 736; x_wconf 77' lang='lat' dir='ltr'><em>lla-</em></span> 
     </span>
     <span class='ocr_line' id='line_1_8' title="bbox 420 755 1680 815; baseline -0.001 -14"><span class='ocrx_word' id='word_1_57' title='bbox 420 757 509 804; x_wconf 77' lang='lat' dir='ltr'>bet,</span> <span class='ocrx_word' id='word_1_58' title='bbox 529 757 744 802; x_wconf 75' lang='lat' dir='ltr'><em>bearetur,</em></span> <span class='ocrx_word' id='word_1_59' title='bbox 763 767 811 798; x_wconf 77' lang='lat' dir='ltr'>ut</span> <span class='ocrx_word' id='word_1_60' title='bbox 828 755 1069 814; x_wconf 76' lang='lat' dir='ltr'>nasceretur</span> <span class='ocrx_word' id='word_1_61' title='bbox 1083 758 1168 798; x_wconf 83' lang='lat' dir='ltr'>eius</span> <span class='ocrx_word' id='word_1_62' title='bbox 1187 768 1327 799; x_wconf 78' lang='lat' dir='ltr'>aetate</span> <span class='ocrx_word' id='word_1_63' title='bbox 1343 757 1494 800; x_wconf 81' lang='lat' dir='ltr'>mulier</span> <span class='ocrx_word' id='word_1_64' title='bbox 1510 755 1680 815; x_wconf 79' lang='lat' dir='ltr'>huiusce</span> 
     </span>
     <span class='ocr_line' id='line_1_9' title="bbox 418 821 1680 881; baseline -0.002 -16"><span class='ocrx_word' id='word_1_65' title='bbox 418 821 530 865; x_wconf 77' lang='lat' dir='ltr'>modi</span> <span class='ocrx_word' id='word_1_66' title='bbox 540 856 551 867; x_wconf 84' lang='lat'>,</span> <span class='ocrx_word' id='word_1_67' title='bbox 573 837 676 881; x_wconf 76' lang='lat' dir='ltr'>quae</span> <span class='ocrx_word' id='word_1_68' title='bbox 697 836 788 863; x_wconf 84' lang='lat' dir='ltr'>cum</span> <span class='ocrx_word' id='word_1_69' title='bbox 809 835 851 862; x_wconf 85' lang='lat' dir='ltr'>eo</span> <span class='ocrx_word' id='word_1_70' title='bbox 875 821 1141 863; x_wconf 75' lang='lat' dir='ltr'>matrimonio</span> <span class='ocrx_word' id='word_1_71' title='bbox 1164 822 1409 866; x_wconf 61' lang='lat' dir='ltr'>cuninam,</span> <span class='ocrx_word' id='word_1_72' title='bbox 1432 822 1519 864; x_wconf 79' lang='lat' dir='ltr'>eius</span> <span class='ocrx_word' id='word_1_73' title='bbox 1538 835 1680 864; x_wconf 82' lang='lat' dir='ltr'>amore</span> 
     </span>
     <span class='ocr_line' id='line_1_10' title="bbox 404 882 1677 946; baseline -0.001 -17"><span class='ocrx_word' id='word_1_74' title='bbox 404 885 643 946; x_wconf 79' lang='lat' dir='ltr'>flagraret.</span> <span class='ocrx_word' id='word_1_75' title='bbox 676 882 813 927; x_wconf 87' lang='lat' dir='ltr'>Unde</span> <span class='ocrx_word' id='word_1_76' title='bbox 844 882 1165 938; x_wconf 79' lang='lat' dir='ltr'>manifestum,</span> <span class='ocrx_word' id='word_1_77' title='bbox 1196 883 1244 926; x_wconf 89' lang='lat' dir='ltr'>in</span> <span class='ocrx_word' id='word_1_78' title='bbox 1267 895 1472 942; x_wconf 86' lang='lat' dir='ltr'>utroque</span> <span class='ocrx_word' id='word_1_79' title='bbox 1502 883 1677 928; x_wconf 87' lang='lat' dir='ltr'>horum</span> 
     </span>
     <span class='ocr_line' id='line_1_11' title="bbox 416 947 1678 1007; baseline -0.002 -13"><span class='ocrx_word' id='word_1_80' title='bbox 416 950 726 1007; x_wconf 67' lang='lat' dir='ltr'>Dialogorum</span> <span class='ocrx_word' id='word_1_81' title='bbox 749 947 1135 992; x_wconf 78' lang='lat' dir='ltr'>contubernalem</span> <span class='ocrx_word' id='word_1_82' title='bbox 1159 947 1452 1006; x_wconf 87' lang='lat' dir='ltr'>Imperatoris</span> <span class='ocrx_word' id='word_1_83' title='bbox 1475 947 1678 1002; x_wconf 85' lang='lat' dir='ltr'>laudari,</span> 
     </span>
     <span class='ocr_line' id='line_1_12' title="bbox 419 1009 1678 1073; baseline -0.001 -16"><span class='ocrx_word' id='word_1_84' title='bbox 419 1030 541 1073; x_wconf 88' lang='lat' dir='ltr'>quae</span> <span class='ocrx_word' id='word_1_85' title='bbox 563 1012 603 1056; x_wconf 60' lang='grc' dir='ltr'>δι’</span> <span class='ocrx_word' id='word_1_86' title='bbox 621 1011 826 1055; x_wconf 86' lang='lat' dir='ltr'>Panthea</span> <span class='ocrx_word' id='word_1_87' title='bbox 846 1010 965 1055; x_wconf 55' lang='lat' dir='ltr'>dicia</span> <span class='ocrx_word' id='word_1_88' title='bbox 986 1012 1037 1055; x_wconf 78' lang='lat' dir='ltr'>sit</span> <span class='ocrx_word' id='word_1_89' title='bbox 1051 1046 1063 1066; x_wconf 77' lang='lat'>‚</span> <span class='ocrx_word' id='word_1_90' title='bbox 1085 1009 1124 1054; x_wconf 75' lang='lat' dir='ltr'>Sc</span> <span class='ocrx_word' id='word_1_91' title='bbox 1143 1027 1166 1054; x_wconf 88' lang='lat' dir='ltr'>a</span> <span class='ocrx_word' id='word_1_92' title='bbox 1184 1010 1538 1070; x_wconf 83' lang='lat' dir='ltr'><strong>pulchritudine</strong></span> <span class='ocrx_word' id='word_1_93' title='bbox 1556 1010 1597 1056; x_wconf 83' lang='lat' dir='ltr'>8c</span> <span class='ocrx_word' id='word_1_94' title='bbox 1616 1011 1678 1056; x_wconf 87' lang='lat' dir='ltr'>ab</span> 
     </span>
     <span class='ocr_line' id='line_1_13' title="bbox 417 1074 1678 1144; baseline 0 -23"><span class='ocrx_word' id='word_1_95' title='bbox 417 1077 561 1122; x_wconf 83' lang='lat' dir='ltr'>animi</span> <span class='ocrx_word' id='word_1_96' title='bbox 594 1075 920 1120; x_wconf 82' lang='lat' dir='ltr'>moderatione</span> <span class='ocrx_word' id='word_1_97' title='bbox 942 1076 1110 1120; x_wconf 87' lang='lat' dir='ltr'>merito</span> <span class='ocrx_word' id='word_1_98' title='bbox 1138 1074 1478 1120; x_wconf 87' lang='lat' dir='ltr'>commendata.</span> <span class='ocrx_word' id='word_1_99' title='bbox 1515 1075 1678 1144; x_wconf 73' lang='lat' dir='ltr'>Quam</span> 
     </span>
     <span class='ocr_line' id='line_1_14' title="bbox 416 1140 1679 1199; baseline -0.001 -13"><span class='ocrx_word' id='word_1_100' title='bbox 416 1142 674 1187; x_wconf 86' lang='lat' dir='ltr'>Pantheam</span> <span class='ocrx_word' id='word_1_101' title='bbox 692 1156 802 1184; x_wconf 87' lang='lat' dir='ltr'>cum</span> <span class='ocrx_word' id='word_1_102' title='bbox 826 1155 983 1199; x_wconf 87' lang='lat' dir='ltr'>neque</span> <span class='ocrx_word' id='word_1_103' title='bbox 1000 1140 1289 1184; x_wconf 87' lang='lat' dir='ltr'>historiarum</span> <span class='ocrx_word' id='word_1_104' title='bbox 1307 1140 1545 1199; x_wconf 83' lang='lat' dir='ltr'>scriptores</span> <span class='ocrx_word' id='word_1_105' title='bbox 1559 1174 1572 1195; x_wconf 86' lang='lat'>‚</span> <span class='ocrx_word' id='word_1_106' title='bbox 1592 1155 1679 1185; x_wconf 86' lang='lat' dir='ltr'>ne-</span> 
     </span>
     <span class='ocr_line' id='line_1_15' title="bbox 420 1204 1681 1265; baseline -0.001 -15"><span class='ocrx_word' id='word_1_107' title='bbox 420 1222 516 1265; x_wconf 89' lang='lat' dir='ltr'>que</span> <span class='ocrx_word' id='word_1_108' title='bbox 540 1205 855 1264; x_wconf 77' lang='lat' dir='ltr'>inicriptiones</span> <span class='ocrx_word' id='word_1_109' title='bbox 882 1205 1028 1258; x_wconf 80' lang='lat' dir='ltr'>ullae,</span> <span class='ocrx_word' id='word_1_110' title='bbox 1063 1220 1222 1264; x_wconf 89' lang='lat' dir='ltr'>neque</span> <span class='ocrx_word' id='word_1_111' title='bbox 1249 1204 1528 1249; x_wconf 71' lang='lat' dir='ltr'>numismata</span> <span class='ocrx_word' id='word_1_112' title='bbox 1546 1219 1681 1249; x_wconf 84' lang='lat' dir='ltr'>com-</span> 
     </span>
     <span class='ocr_line' id='line_1_16' title="bbox 420 1268 1680 1324; baseline -0.002 -9"><span class='ocrx_word' id='word_1_113' title='bbox 420 1281 709 1324; x_wconf 78' lang='lat' dir='ltr'>memorent,</span> <span class='ocrx_word' id='word_1_114' title='bbox 742 1268 899 1313; x_wconf 82' lang='lat' dir='ltr'>Avidii</span> <span class='ocrx_word' id='word_1_115' title='bbox 921 1268 1048 1312; x_wconf 82' lang='lat' dir='ltr'>Cassii</span> <span class='ocrx_word' id='word_1_116' title='bbox 1063 1303 1075 1324; x_wconf 64' lang='lat'><strong>7</strong></span> <span class='ocrx_word' id='word_1_117' title='bbox 1109 1268 1239 1313; x_wconf 90' lang='lat' dir='ltr'>cuius</span> <span class='ocrx_word' id='word_1_118' title='bbox 1258 1270 1386 1313; x_wconf 90' lang='lat' dir='ltr'>nulla</span> <span class='ocrx_word' id='word_1_119' title='bbox 1405 1268 1680 1313; x_wconf 89' lang='lat' dir='ltr'>huiusmodi</span> 
     </span>
     <span class='ocr_line' id='line_1_17' title="bbox 418 1332 1680 1393; baseline -0.002 -14"><span class='ocrx_word' id='word_1_120' title='bbox 418 1345 731 1379; x_wconf 82' lang='lat' dir='ltr'>monumenta</span> <span class='ocrx_word' id='word_1_121' title='bbox 757 1333 1001 1392; x_wconf 78' lang='lat' dir='ltr'>supersunt</span> <span class='ocrx_word' id='word_1_122' title='bbox 1018 1367 1030 1388; x_wconf 88' lang='lat'>,</span> <span class='ocrx_word' id='word_1_123' title='bbox 1062 1349 1258 1377; x_wconf 82' lang='lat' dir='ltr'>uxorem</span> <span class='ocrx_word' id='word_1_124' title='bbox 1283 1332 1411 1377; x_wconf 84' lang='lat' dir='ltr'>fuiffe</span> <span class='ocrx_word' id='word_1_125' title='bbox 1429 1349 1578 1393; x_wconf 86' lang='lat' dir='ltr'>prope</span> <span class='ocrx_word' id='word_1_126' title='bbox 1601 1332 1680 1377; x_wconf 84' lang='lat' dir='ltr'>ad.-</span> 
     </span>
     <span class='ocr_line' id='line_1_18' title="bbox 419 1397 1679 1456; baseline -0.001 -13"><span class='ocrx_word' id='word_1_127' title='bbox 419 1399 570 1443; x_wconf 86' lang='lat' dir='ltr'>ducor</span> <span class='ocrx_word' id='word_1_128' title='bbox 598 1410 651 1442; x_wconf 90' lang='lat' dir='ltr'>ut</span> <span class='ocrx_word' id='word_1_129' title='bbox 670 1397 868 1442; x_wconf 86' lang='lat' dir='ltr'>credam.</span> <span class='ocrx_word' id='word_1_130' title='bbox 905 1409 912 1440; x_wconf 81' lang='lat'>1</span> <span class='ocrx_word' id='word_1_131' title='bbox 935 1397 1072 1456; x_wconf 55' lang='lat' dir='ltr'>‘eque</span> <span class='ocrx_word' id='word_1_132' title='bbox 1102 1397 1228 1442; x_wconf 89' lang='lat' dir='ltr'>enim</span> <span class='ocrx_word' id='word_1_133' title='bbox 1249 1399 1342 1442; x_wconf 85' lang='lat' dir='ltr'>ulla</span> <span class='ocrx_word' id='word_1_134' title='bbox 1371 1397 1461 1441; x_wconf 86' lang='lat' dir='ltr'>fuit</span> <span class='ocrx_word' id='word_1_135' title='bbox 1481 1397 1679 1442; x_wconf 81' lang='lat' dir='ltr'>Luciani</span> 
     </span>
     <span class='ocr_line' id='line_1_19' title="bbox 419 1458 1681 1526; baseline 0 -19"><span class='ocrx_word' id='word_1_136' title='bbox 419 1466 519 1526; x_wconf 77' lang='lat' dir='ltr'>(pro</span> <span class='ocrx_word' id='word_1_137' title='bbox 540 1465 669 1522; x_wconf 81' lang='lat' dir='ltr'>imag.</span> <span class='ocrx_word' id='word_1_138' title='bbox 690 1480 794 1524; x_wconf 78' lang='lat' dir='ltr'>pag.</span> <span class='ocrx_word' id='word_1_139' title='bbox 824 1458 922 1524; x_wconf 74' lang='lat'>29.)</span> <span class='ocrx_word' id='word_1_140' title='bbox 947 1462 1240 1520; x_wconf 87' lang='lat' dir='ltr'>temporibus</span> <span class='ocrx_word' id='word_1_141' title='bbox 1265 1478 1322 1506; x_wconf 88' lang='lat' dir='ltr'>eo</span> <span class='ocrx_word' id='word_1_142' title='bbox 1346 1462 1542 1506; x_wconf 86' lang='lat' dir='ltr'>nomine</span> <span class='ocrx_word' id='word_1_143' title='bbox 1569 1479 1681 1507; x_wconf 82' lang='lat' dir='ltr'>mu-</span> 
     </span>
     <span class='ocr_line' id='line_1_20' title="bbox 417 1526 1682 1586; baseline -0.001 -14"><span class='ocrx_word' id='word_1_144' title='bbox 417 1530 502 1572; x_wconf 79' lang='lat' dir='ltr'>liei·</span> <span class='ocrx_word' id='word_1_145' title='bbox 514 1562 526 1583; x_wconf 83' lang='grc'>,</span> <span class='ocrx_word' id='word_1_146' title='bbox 552 1543 672 1585; x_wconf 86' lang='lat' dir='ltr'>quae</span> <span class='ocrx_word' id='word_1_147' title='bbox 689 1527 860 1570; x_wconf 86' lang='lat' dir='ltr'>Graeca</span> <span class='ocrx_word' id='word_1_148' title='bbox 875 1526 981 1570; x_wconf 73' lang='lat' dir='ltr'>esset</span> <span class='ocrx_word' id='word_1_149' title='bbox 997 1560 1010 1581; x_wconf 88' lang='lat'>.,</span> <span class='ocrx_word' id='word_1_150' title='bbox 1029 1526 1229 1570; x_wconf 85' lang='lat' dir='ltr'>Romani</span> <span class='ocrx_word' id='word_1_151' title='bbox 1248 1527 1541 1586; x_wconf 88' lang='lat' dir='ltr'>Imperatoris</span> <span class='ocrx_word' id='word_1_152' title='bbox 1565 1542 1682 1571; x_wconf 83' lang='lat' dir='ltr'>con-</span> 
     </span>
     <span class='ocr_line' id='line_1_21' title="bbox 416 1589 1677 1653; baseline 0 -18"><span class='ocrx_word' id='word_1_153' title='bbox 416 1591 500 1636; x_wconf 77' lang='lat' dir='ltr'>iux</span> <span class='ocrx_word' id='word_1_154' title='bbox 514 1625 526 1645; x_wconf 81' lang='lat'>‚</span> <span class='ocrx_word' id='word_1_155' title='bbox 552 1589 592 1634; x_wconf 78' lang='lat' dir='ltr'>8c</span> <span class='ocrx_word' id='word_1_156' title='bbox 615 1589 874 1634; x_wconf 69' lang='lat' dir='ltr'>Absadatae</span> <span class='ocrx_word' id='word_1_157' title='bbox 894 1590 1234 1650; x_wconf 82' lang='lat' dir='ltr'>Xenophontei</span> <span class='ocrx_word' id='word_1_158' title='bbox 1253 1590 1411 1635; x_wconf 86' lang='lat' dir='ltr'>uxoris</span> <span class='ocrx_word' id='word_1_159' title='bbox 1430 1591 1677 1653; x_wconf 80' lang='lat' dir='ltr'>cognomi-</span> 
     </span>
     <span class='ocr_line' id='line_1_22' title="bbox 416 1653 1678 1711; baseline 0 -11"><span class='ocrx_word' id='word_1_160' title='bbox 416 1656 500 1700; x_wconf 85' lang='lat' dir='ltr'>nis.</span> <span class='ocrx_word' id='word_1_161' title='bbox 518 1653 658 1703; x_wconf 82' lang='lat' dir='ltr'>Haud</span> <span class='ocrx_word' id='word_1_162' title='bbox 680 1654 806 1698; x_wconf 86' lang='lat' dir='ltr'>enim</span> <span class='ocrx_word' id='word_1_163' title='bbox 826 1653 957 1698; x_wconf 86' lang='lat' dir='ltr'>facile</span> <span class='ocrx_word' id='word_1_164' title='bbox 975 1655 1183 1699; x_wconf 86' lang='lat' dir='ltr'>animum</span> <span class='ocrx_word' id='word_1_165' title='bbox 1204 1654 1492 1711; x_wconf 83' lang='lat' dir='ltr'>induxerim,</span> <span class='ocrx_word' id='word_1_166' title='bbox 1510 1665 1564 1699; x_wconf 90' lang='lat' dir='ltr'>ut</span> <span class='ocrx_word' id='word_1_167' title='bbox 1581 1666 1678 1700; x_wconf 79' lang='lat' dir='ltr'>c&#39;re-</span> 
     </span>
     <span class='ocr_line' id='line_1_23' title="bbox 417 1718 1677 1765; baseline 0.001 -1"><span class='ocrx_word' id='word_1_168' title='bbox 417 1721 528 1764; x_wconf 85' lang='lat' dir='ltr'>dam</span> <span class='ocrx_word' id='word_1_169' title='bbox 557 1719 812 1764; x_wconf 87' lang='lat' dir='ltr'>Pantheam</span> <span class='ocrx_word' id='word_1_170' title='bbox 845 1719 1044 1763; x_wconf 87' lang='lat' dir='ltr'>nostram</span> <span class='ocrx_word' id='word_1_171' title='bbox 1067 1735 1168 1764; x_wconf 90' lang='lat' dir='ltr'>eam</span> <span class='ocrx_word' id='word_1_172' title='bbox 1197 1719 1513 1764; x_wconf 82' lang='lat' dir='ltr'>concubinam</span> <span class='ocrx_word' id='word_1_173' title='bbox 1545 1718 1677 1765; x_wconf 83' lang='lat' dir='ltr'>fuiffe</span> 
     </span>
     <span class='ocr_line' id='line_1_24' title="bbox 415 1781 1677 1847; baseline -0.001 -18"><span class='ocrx_word' id='word_1_174' title='bbox 415 1784 560 1829; x_wconf 86' lang='lat' dir='ltr'>Marci</span> <span class='ocrx_word' id='word_1_175' title='bbox 575 1783 750 1828; x_wconf 79' lang='lat' dir='ltr'>Aurelii</span> <span class='ocrx_word' id='word_1_176' title='bbox 765 1818 777 1839; x_wconf 77' lang='lat'>⁷</span> <span class='ocrx_word' id='word_1_177' title='bbox 803 1781 1055 1847; x_wconf 76' lang='lat' dir='ltr'>(Capitolin.</span> <span class='ocrx_word' id='word_1_178' title='bbox 1072 1786 1115 1828; x_wconf 84' lang='lat' dir='ltr'>in</span> <span class='ocrx_word' id='word_1_179' title='bbox 1130 1785 1279 1828; x_wconf 80' lang='lat' dir='ltr'>Marco</span> <span class='ocrx_word' id='word_1_180' title='bbox 1293 1786 1497 1829; x_wconf 80' lang='lat' dir='ltr'>Antonin.</span> <span class='ocrx_word' id='word_1_181' title='bbox 1515 1783 1677 1844; x_wconf 80' lang='lat' dir='ltr'>Philos.</span> 
     </span>
     <span class='ocr_line' id='line_1_25' title="bbox 401 1848 1676 1911; baseline 0.001 -18"><span class='ocrx_word' id='word_1_182' title='bbox 401 1849 658 1911; x_wconf 76' lang='lat' dir='ltr'>subfinem)</span> <span class='ocrx_word' id='word_1_183' title='bbox 690 1865 836 1907; x_wconf 88' lang='lat' dir='ltr'>quam</span> <span class='ocrx_word' id='word_1_184' title='bbox 863 1849 941 1892; x_wconf 91' lang='lat' dir='ltr'>ille</span> <span class='ocrx_word' id='word_1_185' title='bbox 965 1848 1049 1893; x_wconf 88' lang='lat' dir='ltr'>fibi</span> <span class='ocrx_word' id='word_1_186' title='bbox 1071 1848 1173 1908; x_wconf 92' lang='lat' dir='ltr'>post</span> <span class='ocrx_word' id='word_1_187' title='bbox 1196 1848 1432 1893; x_wconf 86' lang='lat' dir='ltr'>Faustinae</span> <span class='ocrx_word' id='word_1_188' title='bbox 1466 1859 1676 1894; x_wconf 87' lang='lat' dir='ltr'>mortem</span> 
     </span>
     <span class='ocr_line' id='line_1_26' title="bbox 414 1912 1675 1973; baseline 0 -15"><span class='ocrx_word' id='word_1_189' title='bbox 414 1913 605 1958; x_wconf 82' lang='lat' dir='ltr'>adscivit</span> <span class='ocrx_word' id='word_1_190' title='bbox 620 1947 633 1968; x_wconf 81' lang='lat'>‚</span> <span class='ocrx_word' id='word_1_191' title='bbox 669 1913 978 1973; x_wconf 86' lang='lat' dir='ltr'>procuratoris</span> <span class='ocrx_word' id='word_1_192' title='bbox 1002 1913 1157 1957; x_wconf 85' lang='lat' dir='ltr'>uxoris</span> <span class='ocrx_word' id='word_1_193' title='bbox 1184 1912 1288 1957; x_wconf 86' lang='lat' dir='ltr'>suae</span> <span class='ocrx_word' id='word_1_194' title='bbox 1310 1913 1451 1958; x_wconf 89' lang='lat' dir='ltr'>filiam</span> <span class='ocrx_word' id='word_1_195' title='bbox 1467 1947 1479 1970; x_wconf 84' lang='lat'><strong>,</strong></span> <span class='ocrx_word' id='word_1_196' title='bbox 1515 1929 1577 1958; x_wconf 85' lang='lat' dir='ltr'>ne</span> <span class='ocrx_word' id='word_1_197' title='bbox 1600 1923 1675 1958; x_wconf 91' lang='lat' dir='ltr'>tot</span> 
     </span>
     <span class='ocr_line' id='line_1_27' title="bbox 413 1977 1673 2037; baseline 0 -15"><span class='ocrx_word' id='word_1_198' title='bbox 413 1977 569 2023; x_wconf 86' lang='lat' dir='ltr'>liberis</span> <span class='ocrx_word' id='word_1_199' title='bbox 605 1993 854 2021; x_wconf 83' lang='lat' dir='ltr'>novercam</span> <span class='ocrx_word' id='word_1_200' title='bbox 886 1977 1230 2037; x_wconf 83' lang='lat' dir='ltr'>superduceret.</span> <span class='ocrx_word' id='word_1_201' title='bbox 1280 1978 1336 2022; x_wconf 87' lang='lat' dir='ltr'>Ei</span> <span class='ocrx_word' id='word_1_202' title='bbox 1372 1989 1531 2023; x_wconf 86' lang='lat' dir='ltr'>tamen</span> <span class='ocrx_word' id='word_1_203' title='bbox 1569 1977 1673 2022; x_wconf 82' lang='lat' dir='ltr'>sen-</span> 
     </span>
     <span class='ocr_line' id='line_1_28' title="bbox 413 2041 1674 2102; baseline -0.004 -14"><span class='ocrx_word' id='word_1_204' title='bbox 413 2042 588 2088; x_wconf 86' lang='lat' dir='ltr'>tentiae</span> <span class='ocrx_word' id='word_1_205' title='bbox 618 2041 737 2087; x_wconf 86' lang='lat' dir='ltr'>forte</span> <span class='ocrx_word' id='word_1_206' title='bbox 770 2041 921 2087; x_wconf 87' lang='lat' dir='ltr'>favere</span> <span class='ocrx_word' id='word_1_207' title='bbox 952 2041 1244 2086; x_wconf 88' lang='lat' dir='ltr'>videbuntur</span> <span class='ocrx_word' id='word_1_208' title='bbox 1277 2042 1410 2102; x_wconf 78' lang='lat' dir='ltr'>supra</span> <span class='ocrx_word' id='word_1_209' title='bbox 1439 2059 1674 2087; x_wconf 69' lang='lat' dir='ltr'>memora«.</span> 
     </span>
     <span class='ocr_line' id='line_1_29' title="bbox 412 2106 1674 2166; baseline 0 -14"><span class='ocrx_word' id='word_1_210' title='bbox 412 2117 460 2152; x_wconf 88' lang='lat' dir='ltr'>ta</span> <span class='ocrx_word' id='word_1_211' title='bbox 488 2106 629 2151; x_wconf 86' lang='lat' dir='ltr'>verba</span> <span class='ocrx_word' id='word_1_212' title='bbox 647 2106 874 2162; x_wconf 75' lang='lat' dir='ltr'>Luciam,</span> <span class='ocrx_word' id='word_1_213' title='bbox 905 2106 955 2150; x_wconf 91' lang='lat' dir='ltr'>in</span> <span class='ocrx_word' id='word_1_214' title='bbox 980 2106 1153 2166; x_wconf 87' lang='lat' dir='ltr'>quibus</span> <span class='ocrx_word' id='word_1_215' title='bbox 1185 2107 1522 2166; x_wconf 87' lang='lat' dir='ltr'>Imperatorem</span> <span class='ocrx_word' id='word_1_216' title='bbox 1552 2107 1674 2152; x_wconf 81' lang='lat' dir='ltr'>Pan-</span> 
     </span>
     <span class='ocr_line' id='line_1_30' title="bbox 410 2170 1673 2217; baseline 0.001 -2"><span class='ocrx_word' id='word_1_217' title='bbox 410 2171 548 2216; x_wconf 84' lang='lat' dir='ltr'>theae</span> <span class='ocrx_word' id='word_1_218' title='bbox 573 2171 794 2216; x_wconf 89' lang='lat' dir='ltr'>maritum</span> <span class='ocrx_word' id='word_1_219' title='bbox 827 2188 851 2215; x_wconf 91' lang='lat' dir='ltr'>a</span> <span class='ocrx_word' id='word_1_220' title='bbox 873 2171 1085 2216; x_wconf 86' lang='lat' dir='ltr'>bonitate</span> <span class='ocrx_word' id='word_1_221' title='bbox 1108 2170 1148 2215; x_wconf 81' lang='lat' dir='ltr'>8c</span> <span class='ocrx_word' id='word_1_222' title='bbox 1171 2171 1533 2217; x_wconf 86' lang='lat' dir='ltr'>mansuetudine</span> <span class='ocrx_word' id='word_1_223' title='bbox 1564 2187 1673 2216; x_wconf 73' lang='grc' dir='ltr'>ωο-</span> 
     </span>
     <span class='ocr_line' id='line_1_31' title="bbox 411 2235 1673 2294; baseline -0.001 -13"><span class='ocrx_word' id='word_1_224' title='bbox 411 2252 518 2281; x_wconf 82' lang='lat' dir='ltr'>rum</span> <span class='ocrx_word' id='word_1_225' title='bbox 548 2237 873 2281; x_wconf 81' lang='lat' dir='ltr'>commendat:</span> <span class='ocrx_word' id='word_1_226' title='bbox 911 2252 1032 2294; x_wconf 83' lang='lat' dir='ltr'>quae</span> <span class='ocrx_word' id='word_1_227' title='bbox 1060 2236 1199 2280; x_wconf 60' lang='lat' dir='ltr'>*dotes</span> <span class='ocrx_word' id='word_1_228' title='bbox 1233 2247 1288 2280; x_wconf 88' lang='lat' dir='ltr'>ut</span> <span class='ocrx_word' id='word_1_229' title='bbox 1319 2236 1463 2281; x_wconf 89' lang='lat' dir='ltr'>Marci</span> <span class='ocrx_word' id='word_1_230' title='bbox 1493 2235 1673 2281; x_wconf 86' lang='lat' dir='ltr'>Aurelii</span> 
     </span>
     <span class='ocr_line' id='line_1_32' title="bbox 411 2300 1674 2361; baseline 0 -16"><span class='ocrx_word' id='word_1_231' title='bbox 411 2301 626 2361; x_wconf 84' lang='lat' dir='ltr'>propriae</span> <span class='ocrx_word' id='word_1_232' title='bbox 649 2301 781 2356; x_wconf 81' lang='lat' dir='ltr'>sunt,</span> <span class='ocrx_word' id='word_1_233' title='bbox 813 2301 875 2344; x_wconf 92' lang='lat' dir='ltr'>ita</span> <span class='ocrx_word' id='word_1_234' title='bbox 902 2300 960 2344; x_wconf 86' lang='lat' dir='ltr'>ab</span> <span class='ocrx_word' id='word_1_235' title='bbox 978 2301 1028 2345; x_wconf 87' lang='lat' dir='ltr'>iis</span> <span class='ocrx_word' id='word_1_236' title='bbox 1044 2334 1057 2356; x_wconf 80' lang='grc'>,</span> <span class='ocrx_word' id='word_1_237' title='bbox 1087 2316 1208 2359; x_wconf 86' lang='lat' dir='ltr'>quae</span> <span class='ocrx_word' id='word_1_238' title='bbox 1231 2300 1289 2345; x_wconf 90' lang='lat' dir='ltr'>de</span> <span class='ocrx_word' id='word_1_239' title='bbox 1310 2301 1453 2346; x_wconf 78' lang='lat' dir='ltr'>Caffio</span> <span class='ocrx_word' id='word_1_240' title='bbox 1479 2301 1674 2361; x_wconf 85' lang='lat' dir='ltr'>scripto-</span> 
     </span>
     <span class='ocr_line' id='line_1_33' title="bbox 410 2365 1672 2424; baseline 0.001 -15"><span class='ocrx_word' id='word_1_241' title='bbox 410 2381 479 2409; x_wconf 84' lang='lat' dir='ltr'>res</span> <span class='ocrx_word' id='word_1_242' title='bbox 503 2365 686 2424; x_wconf 88' lang='lat' dir='ltr'>antiqui</span> <span class='ocrx_word' id='word_1_243' title='bbox 715 2367 1006 2421; x_wconf 83' lang='lat' dir='ltr'>retulerunt,</span> <span class='ocrx_word' id='word_1_244' title='bbox 1035 2365 1280 2409; x_wconf 87' lang='lat' dir='ltr'>abhorrere</span> <span class='ocrx_word' id='word_1_245' title='bbox 1306 2365 1542 2410; x_wconf 89' lang='lat' dir='ltr'>videntur.</span> <span class='ocrx_word' id='word_1_246' title='bbox 1575 2365 1618 2409; x_wconf 84' lang='lat' dir='ltr'>V</span> <span class='ocrx_word' id='word_1_247' title='bbox 1621 2381 1672 2410; x_wconf 90' lang='lat' dir='ltr'>e-</span> 
     </span>
     <span class='ocr_line' id='line_1_34' title="bbox 410 2429 1673 2491; baseline 0.001 -17"><span class='ocrx_word' id='word_1_248' title='bbox 410 2445 518 2474; x_wconf 83' lang='lat' dir='ltr'>rum</span> <span class='ocrx_word' id='word_1_249' title='bbox 549 2430 653 2488; x_wconf 88' lang='lat' dir='ltr'>quis</span> <span class='ocrx_word' id='word_1_250' title='bbox 683 2430 824 2474; x_wconf 80' lang='lat' dir='ltr'>nescit</span> <span class='ocrx_word' id='word_1_251' title='bbox 841 2464 854 2484; x_wconf 81' lang='grc'>,</span> <span class='ocrx_word' id='word_1_252' title='bbox 882 2430 1107 2474; x_wconf 86' lang='lat' dir='ltr'>immanes</span> <span class='ocrx_word' id='word_1_253' title='bbox 1134 2429 1274 2473; x_wconf 82' lang='lat' dir='ltr'>etiam</span> <span class='ocrx_word' id='word_1_254' title='bbox 1302 2443 1524 2491; x_wconf 85' lang='lat' dir='ltr'>tyrannos</span> <span class='ocrx_word' id='word_1_255' title='bbox 1551 2445 1673 2475; x_wconf 77' lang='lat' dir='ltr'>enu-</span> 
     </span>
     <span class='ocr_line' id='line_1_35' title="bbox 410 2494 1672 2539; baseline 0.001 -1"><span class='ocrx_word' id='word_1_256' title='bbox 410 2494 670 2539; x_wconf 87' lang='lat' dir='ltr'>meratione</span> <span class='ocrx_word' id='word_1_257' title='bbox 703 2510 860 2538; x_wconf 88' lang='lat' dir='ltr'>earum</span> <span class='ocrx_word' id='word_1_258' title='bbox 895 2495 1127 2538; x_wconf 85' lang='lat' dir='ltr'>virtutum</span> <span class='ocrx_word' id='word_1_259' title='bbox 1157 2494 1397 2539; x_wconf 88' lang='lat' dir='ltr'>interdum</span> <span class='ocrx_word' id='word_1_260' title='bbox 1426 2510 1672 2539; x_wconf 83' lang='lat' dir='ltr'>commen-</span> 
     </span>
     <span class='ocr_line' id='line_1_36' title="bbox 407 2556 1671 2619; baseline 0 -16"><span class='ocrx_word' id='word_1_261' title='bbox 407 2557 506 2604; x_wconf 82' lang='lat' dir='ltr'>dari</span> <span class='ocrx_word' id='word_1_262' title='bbox 520 2593 532 2616; x_wconf 87' lang='lat'>,</span> <span class='ocrx_word' id='word_1_263' title='bbox 553 2576 578 2604; x_wconf 90' lang='lat' dir='ltr'>a</span> <span class='ocrx_word' id='word_1_264' title='bbox 600 2558 773 2619; x_wconf 84' lang='lat' dir='ltr'>quibus</span> <span class='ocrx_word' id='word_1_265' title='bbox 792 2559 1039 2605; x_wconf 86' lang='lat' dir='ltr'>communi</span> <span class='ocrx_word' id='word_1_266' title='bbox 1061 2559 1316 2605; x_wconf 87' lang='lat' dir='ltr'>hominum</span> <span class='ocrx_word' id='word_1_267' title='bbox 1337 2560 1468 2605; x_wconf 84' lang='lat' dir='ltr'>sensu</span> <span class='ocrx_word' id='word_1_268' title='bbox 1490 2556 1671 2605; x_wconf 50' lang='lat' dir='ltr'>alienis*</span> 
     </span>
    </p>
   </div>
  </div>
 </body>
</html>
