1737 3378
183 235 605 311 SCRIPTISQ
628 234 722 281 UE
760 235 1107 284 LUCIAlNI.
1176 250 1308 287 XLIX

53 344 159 406 ipsis
185 346 501 409 elegantissimi
529 345 752 405 scriptoris
784 345 1187 393 lucubrationibus
1207 384 1218 405 ‚
1250 350 1314 396 ita

54 410 276 454 illustrare
301 410 590 472 aggreditur„
616 421 669 453 ut
691 426 742 453 ea
769 410 818 453 in
845 426 893 453 re
921 423 1028 454 ante
1056 429 1166 457 eum
1197 414 1315 459 nihil

51 474 210 519 adhuc
229 471 384 519 austum
413 472 499 516 ess'e
519 472 743 517 videatur.
781 472 899 517 Sane
923 474 1031 518 licet
1055 476 1122 519 vir
1152 479 1315 522 erudi-

0 578 3 581 .
47 538 242 583 tillimus
265 538 405 582 semel
433 535 474 580 Sc
506 536 676 580 iterum
708 536 892 581 fortassis
932 546 943 566 ¹
984 554 1008 580 a
1039 554 1150 583 vero
1179 542 1314 586 aber-

50 601 161 647 rasse
190 601 359 646 censeri
386 599 544 660 possit,
576 602 726 645 multa
757 612 915 645 tamen
941 600 1075 656 sunt,
1115 619 1234 662 quae
1263 608 1313 650 in

50 666 267 712 medium
289 664 493 724 profert,
519 665 692 723 quibus
711 682 778 710 res
805 663 845 709 Sc
872 677 989 710 aetas
1015 665 1208 711 Luciani
1231 683 1314 712 ex-

48 741 120 775 tra
149 745 344 774 omnem
381 729 740 774 controversiam
775 729 1068 789 temporibus
1099 730 1184 775 suis
1215 733 1311 777 assi-

47 806 264 857 gnantur.

114 857 291 904 Vereor
312 868 471 901 tamen
495 868 549 901 ut
567 856 698 902 facile
720 856 911 921 eruditis
937 859 1164 919 approbet
1180 860 1313 924 inge-

48 922 342 969 niofiffimam
363 919 679 966 conieffluram
694 957 705 978 ,
726 938 819 980 qua
838 922 1047 968 Luciano
1066 925 1313 970 Hermoti-

47 1004 185 1032 mum
205 987 458 1048 Dialogum
481 987 704 1046 scriptum
724 985 808 1029 effe
828 988 1074 1032 contendit
1089 1023 1102 1044 ,
1124 1001 1177 1033 ut
1198 991 1309 1034 Avi-

46 1052 128 1097 dio
145 1051 287 1096 Caffio
305 1050 616 1105 blandiretur,
637 1050 678 1095 ὃς
697 1050 1042 1110 philosophicos
1053 1053 1197 1098 Marci
1211 1053 1313 1099 Au—

46 1116 147 1162 relii
179 1132 330 1161 mores
355 1116 441 1159 sale
466 1116 657 1176 satyrico
690 1114 943 1161 defricaret.
976 1117 1311 1183 Quaecunque

45 1181 105 1225 ab
131 1196 187 1224 eo
216 1197 317 1225 eam
336 1180 385 1223 in
410 1196 509 1224 rem
533 1180 815 1234 afferuntur,
838 1180 1025 1241 ingenio
1047 1183 1246 1241 quidem
1267 1185 1308 1228 Sc

46 1245 315 1290 eruditione
344 1244 569 1288 clariffimi
597 1241 798 1289 auetoris
822 1241 1046 1290 letiorem
1071 1248 1308 1298 alliciunt;

45 1320 95 1355 at
118 1310 168 1353 in
185 1325 234 1353 re
256 1308 355 1353 satis
378 1309 569 1353 obscura
584 1343 596 1364 ,
621 1310 716 1353 vim
737 1308 777 1352 8<
797 1309 1084 1355 evidentiam
1103 1312 1309 1357 demon-

45 1374 267 1418 strationis
293 1389 394 1417 non
421 1373 607 1418 habent.
643 1373 868 1418 Avidium
897 1385 1055 1419 tamen
1077 1375 1278 1421 Caffium
1295 1412 1312 1434 ‚

45 1438 291 1498 (Gallicam.
306 1456 349 1501 p.
371 1440 502 1498 453.)
525 1437 719 1485 Luciani
742 1439 1045 1498 popularem,
1066 1441 1176 1485 teste
1190 1442 1312 1487 Dio-

43 1519 107 1548 ne
124 1537 137 1558 ,
167 1500 209 1547 8:
231 1519 256 1546 a
280 1503 437 1547 Marco
459 1502 650 1547 Aurelio
675 1502 867 1564 Syiiacis
893 1504 1156 1565 legionibus
1177 1523 1312 1566 prae-

44 1564 224 1612 festum
236 1566 536 1612 Samosatenfi
554 1568 705 1611 nostro
724 1567 990 1623 innotuisse,
1004 1586 1086 1628 per
1102 1570 1145 1613 se
1161 1572 1307 1615 omni-

43 1648 110 1677 no
122 1632 380 1678 verofimile
394 1632 598 1677 videtur:
617 1632 734 1676 mihi
753 1632 891 1676 etiam
914 1635 1148 1692 permulta
1165 1635 1311 1681 anim-

104 1751 120 1775 1
151 1736 210 1776 Cl.
231 1736 460 1776 Dodwellus
479 1737 648 1777 Hermo-

44 1791 132 1830 timi
151 1791 306 1830 nomine
321 1791 504 1836 Marcum
522 1793 647 1832 Aure-

43 1845 138 1884 lium
149 1845 234 1884 vult
246 1844 422 1897 intelligi,
437 1847 503 1898 qui
517 1856 647 1885 tamen

43 1900 85 1938 in
99 1900 256 1939 Luciani
267 1898 439 1952 Dialogo
455 1912 539 1952 pag.
558 1914 645 1953 514,

42 1953 84 1994 se
117 1966 221 1993 anno
251 1953 384 1992 aetatis
417 1954 485 1992 XL
521 1954 646 2006 philo-

43 2006 201 2060 sophari
227 2007 390 2060 coepisse
419 2005 647 2060 profitetur,

43 2061 151 2115 quod
170 2060 257 2101 sane
274 2062 319 2100 de
332 2061 468 2101 Marco
482 2061 647 2102 Aurelio

47 2116 255 2168 (Capisolin.
272 2116 308 2154 ἱιι
323 2118 450 2154 Marco
466 2118 646 2155 Antonino

47 2168 180 2221 Philofi
201 2185 230 2209 c.
249 2169 300 2223 ι.)
322 2170 358 2208 in
371 2170 463 2208 omni
475 2171 548 2208 vita
565 2173 646 2223 pln'-

48 2223 244 2276 losophante
264 2224 359 2272 viro,
383 2223 454 2263 dici
476 2236 555 2263 non
575 2238 646 2277 po-

45 2278 132 2317 tuit.
152 2278 307 2317 Tribuit
331 2289 528 2330 praeterea
549 2279 649 2318 idem

46 2329 278 2371 Dodwellus
292 2330 541 2386 Philopatrim
557 2332 650 2373 Dia·

46 2384 180 2437 logum
206 2386 401 2433 Luciano,
428 2386 495 2439 qui
520 2397 650 2426 tamen

47 2437 239 2491 Dialogus
250 2439 298 2478 ab
309 2440 392 2478 eius
402 2439 584 2479 scribendi
596 2454 649 2480 ra-

46 2493 154 2532 tione
170 2494 334 2532 immane
347 2505 533 2546 quantum
550 2495 626 2534 abit
635 2526 649 2541 ,

45 2545 90 2587 &
114 2556 318 2600 propterea
346 2547 552 2590 νοθεὺεσόιιι
580 2561 648 2591 ve-

113 2602 293 2647 Lucz'ccn.
319 2602 401 2647 Vol.
420 2604 460 2647 I.

707 1738 854 1777 teribus
879 1738 1033 1778 criticis
1061 1740 1203 1780 merito
1236 1754 1313 1780 an·-

707 1803 876 1831 notatur.
904 1793 1092 1841 Credidit,
1107 1794 1192 1846 post
1214 1796 1312 1835 alios

707 1859 788 1884 non
813 1859 984 1899 paucos,
1012 1848 1073 1886 vir
1106 1849 1313 1903 incompa-

705 1900 834 1939 rabilis
867 1901 987 1953 Hugo
1020 1900 1188 1941 Grotius
1203 1932 1213 1949 ‚
1247 1903 1313 1956 (in

707 1954 839 2005 Pslzlm.
856 1955 976 2003 CIV.)
1004 1954 1185 2008 scriptum
1202 1955 1312 1998 fuiffe
1350 1984 1352 1986 -

705 2007 958 2061 philopatrim
980 2009 1194 2062 imperante
1208 2011 1311 2050 Tra-

706 2063 819 2101 iano:
849 2075 986 2102 verum
1017 2064 1053 2102 id
1076 2064 1122 2104 de
1147 2077 1197 2103 eo
1221 2064 1312 2105 scri-

705 2128 818 2170 prore
831 2116 900 2155 dici
913 2129 993 2155 non
1006 2117 1143 2170 potest,
1156 2119 1224 2171 qui
1235 2119 1312 2159 Ar-

705 2170 884 2210 temidori
902 2170 1081 2210 Daldiani
1100 2172 1313 2226 Ὀνειροκρι-

706 2227 800 2264 Tm&
811 2224 949 2264 laudat.
962 2224 1023 2278 (p.
1035 2240 1084 2275 77
1096 2226 1155 2278 5.)
1169 2227 1252 2279 Ego
1264 2227 1311 2266 ad

707 2278 904 2318 Aureliani
912 2279 1158 2331 Imperatoris
1168 2293 1314 2333 tempo-

708 2346 750 2371 ra
761 2364 773 2381 ,
787 2333 961 2385 adeoque
973 2333 1039 2371 diu
1054 2333 1137 2384 post
1151 2334 1312 2374 Luciani

709 2399 872 2426 aetatem
888 2386 1125 2426 referendam
1139 2386 1214 2427 effe
1229 2389 1313 2427 eius

709 2440 869 2493 Dialogi
883 2440 1126 2493 scriptionem
1141 2441 1313 2493 aliquan-

709 2495 759 2534 do
786 2494 1112 2535 demonstraturus
1136 2495 1232 2535 sum.

1022 2603 1054 2648 d
