1737 3378
402 227 493 273 314
598 207 1475 256 ‘ANNoTATIONEs

399 297 502 335 neris
527 293 652 335 fruEIu
685 294 927 342 suaviffimo,
952 308 999 335 ne
1020 295 1111 335 Tau
1135 308 1212 335 tam
1234 296 1330 349 grati
1350 296 1495 350 saporis
1513 297 1672 339 delicias
1723 320 1726 322 ·

397 347 468 390 fibi
488 347 700 402 surreptum
721 350 870 389 veniret
884 380 895 397 ‚
919 349 1097 389 adiutore
1119 349 1371 401 Lysimacho,
1397 351 1544 404 quippe
1556 356 1667 391 Βοιω-
1724 355 1725 358 ’

398 401 467 446 τίω
491 405 535 441 τὶ
556 404 666 456 γένος
680 402 866 442 ἀνέκαθεν·
882 416 971 441 nam
988 403 1165 442 Thebani
1178 416 1315 443 revera
1337 401 1437 442 τῦκα
1453 416 1532 457 pro
1541 403 1667 444 σύκοις

399 453 633 495 efferebant:
656 456 767 496 docet
785 457 935 496 Strattis
956 457 992 494 in
1014 456 1143 496 fabula
1164 455 1369 496 Phoenissis
1393 458 1493 508 apud
1520 457 1667 498 Athen.

399 507 512 557 XIV,
536 524 571 562 p.
594 510 665 548 621
691 510 741 548 Α.
765 511 932 550 Alexidis
954 510 1139 562 quaedam
1156 510 1271 561 paulo
1289 522 1376 550 ante
1388 510 1666 563 proferuntur,

401 562 502 601 unde
522 564 694 603 Lacones
707 564 819 603 etiam
841 562 992 603 τεῦτλον
1004 564 1045 602 &
1060 564 1232 603 τευτλίον
1244 563 1374 603 dixiffe
1393 563 1559 603 constat:
1579 564 1671 604 hine·

399 615 521 655 insula
545 618 809 663 Τευτλὸεσσα,
833 615 1101 664 Teu-moira,
1132 617 1369 664 Τεὺτλουπι,
1395 617 1500 670 quod
1530 616 1668 657 scilicet

400 668 512 709 foetu
537 671 702 710 betaceo
721 671 948 710 abundaret:
981 681 1100 722 atque
1118 671 1169 710 ita
1189 669 1269 711 sine
1288 671 1413 711 dubio·
1427 670 1668 711 scribendum

401 724 503 777 apud
527 724 746 775 Thucydid.
770 723 886 770 VIII,
908 739 970 771 42.
997 725 1162 763 Hrmsr.

457 781 530 817 ead.
553 778 577 816 l.
600 791 658 817 12.
682 777 948 830 Γραμμίιτων)
975 778 1076 830 Lege
1106 778 1324 831 χρημάτων.
1353 777 1470 817 Certe
1495 778 1541 817 de
1565 777 1669 817 Eten's

402 829 528 871 sermo
549 831 623 871 effe
642 844 720 871 non
742 831 886 884 potest,
908 845 995 870 cum
1018 845 1110 871 mox
1127 848 1229 877 aves,
1249 832 1340 871 &id
1357 844 1478 884 genus
1494 831 1579 875 axia,
1596 844 1670 870 no-

404 886 532 923 minet.
554 884 655 924 Coll.
677 885 817 924 habent
840 881 1028 936 ῥήμέιτων,
1049 885 1155 937 quod
1174 887 1347 938 proxime
1367 886 1524 924 accedit.
1547 885 1600 923 V.
1621 891 1676 925 Δ.

402 938 554 979 XXVI.
569 937 737 990 Usurpat
748 939 839 978 alibi
852 951 990 977 vocem
1005 940 1267 991 πραγμάτων,
1278 942 1365 988 Tm..
1382 952 1414 978 c.
1433 953 1493 988 27.
1508 938 1670 978 Sorax.

459 995 532 1031 ead.
552 991 578 1030 l.
602 1005 660 1044 13.
682 993 740 1030 Ἐκ
753 993 877 1042 μέσων
892 992 964 1030 τῶν
988 992 1157 1044 κόλπων)
1178 993 1267 1032 Hoc
1289 993 1473 1043 proverb.
1494 992 1672 1031 etlamin

405 1044 546 1085 Achill.
565 1045 654 1085 Tat.
673 1046 737 1085 lib.
755 1061 789 1086 2.
808 1046 894 1086 dico
910 1045 956 1084 ad
971 1045 1122 1084 Heliod.
1143 1046 1208 1084 lib.
1226 1060 1262 1094 4.
1281 1046 1454 1085 BOURD.

462 1102 533 1138 ead.
555 1100 581 1139 l.
614 1112 671 1147 14.
698 1099 883 1152 Φάσσαν)
904 1099 1164 1139 Multitudinis
1189 1112 1359 1139 numero.
1375 1100 1505 1155 aptius
1526 1099 1672 1139 diatim

413 1151 515 1192 foret
538 1153 714 1203 φάσεως.
739 1153 895 1193 SOLAN.

459 1209 534 1245 ead.
550 1208 571 1244 l.
598 1219 657 1255 15.
676 1206 897 1260 Κοσσὺφοις)
917 1205 1096 1254 spei-tut,
1112 1206 1265 1254 νίιττοιι,
1285 1206 1399 1260 (quas
1412 1205 1533 1245 miror
1543 1206 1673 1246 Boeo-

407 1270 487 1299 tum
513 1261 550 1299 in
571 1260 741 1299 Acharn.
768 1260 920 1301 Comici
950 1275 991 1300 v.
1024 1260 1099 1311 875
1134 1260 1282 1300 νέω-σας
1309 1273 1474 1306 vocare,
1495 1273 1584 1300 cum
1605 1260 1672 1300 de-

407 1313 544 1353 buiffet
570 1315 700 1366 porius
718 1314 883 1368 νέιττας)
907 1314 1034 1353 κίτται
1058 1314 1207 1366 semper.
1226 1315 1263 1352 in
1283 1313 1550 1367 Aristophanis
1569 1314 1673 1354 Avi-

406 1367 479 1406 bus
489 1397 502 1413 ,
520 1367 684 1420 alibique
698 1381 709 1408 :
724 1367 932 1420 plurimum
945 1369 1058 1407 etiam
1073 1370 1111 1407 in
1125 1367 1330 1407 Aristotele
1343 1369 1430 1421 περὶ·
1441 1368 1551 1408 Ζώων·
1568 1368 1674 1421 apud

406 1422 593 1468 eundem,
619 1432 664 1460 ut
682 1434 787 1461 nunc
809 1423 964 1475 quidem
985 1422 1137 1468 editur,
1153 1423 1221 1460 vix
1247 1421 1374 1470 aliter,
1399 1434 1518 1475 quam
1539 1420 1678 1460 κστ-τύ·

411 1487 518 1522 φους,
540 1475 723 1527 reperias:
746 1474 949 1523 κοσσύφους
969 1475 1084 1515 habet
1102 1475 1246 1515 Athen.
1260 1474 1362 1522 vn,
1378 1488 1414 1528 p.
1437 1488 1512 1528 305
1528 1475 1571 1515 B.
1591 1475 1675 1515 Ha-

408 1542 494 1568 rum
515 1530 644 1568 avium
665 1528 855 1581 singulare
880 1530 1072 1583 quoddam
1094 1541 1214 1582 genus
1235 1527 1407 1581 Cyilene
1424 1541 1536 1569 mons
1553 1528 1677 1568 Arca·

410 1582 492 1621 diae
513 1583 723 1622 nutriebat:
748 1583 929 1637 Stephan.
949 1585 989 1622 in
1017 1581 1201 1623 Κυλλήνψ
1221 1582 1256 1622 ἐν
1277 1581 1405 1632 τούτῳ.
1428 1582 1476 1621 «Γέ
1498 1595 1598 1632 φασι
1623 1582 1687 1632 τᾷῖ

410 1634 480 1687 ’ὄρει
506 1635 591 1675 τοὺς·
614 1636 819 1685 κοττὺφους
838 1638 988 1677 λευκοὺς
1001 1637 1226 1690 ‘styma-5215
1246 1637 1285 1675 in
1302 1637 1433 1676 eadem
1450 1636 1609 1676 historia
1627 1635 1678 1675 si·

411 1690 555 1729 militer
575 1690 736 1730 Aristot.
758 1690 839 1738 IX,
864 1705 923 1744 19.
941 1704 1082 1731 verum
1104 1690 1307 1738 κοσσύφους
1326 1690 1512 1730 dederunt
1524 1690 1679 1731 Aeliana.

411 1743 458 1782 de
479 1744 608 1783 Anim.
625 1745 679 1791 V,
705 1758 771 1793 27,
787 1746 826 1784 δι
845 1744 1005 1784 Pausan.
1027 1744 1145 1794 vm,
1170 1759 1206 1798 p.
1230 1745 1320 1798 634.
1343 1757 1456 1796 quem
1478 1756 1679 1797 perperam

411 1797 646 1838 intellectum
666 1811 755 1837 cum
768 1797 960 1852 descripsit
972 1797 1284 1846 Commentator,
1300 1796 1471 1851 quisquis
1487 1796 1540 1837 est
1559 1797 1621 1838 ille
1637 1799 1680 1838 in

412 1851 574 1890 Antliol.
599 1866 636 1904 p.
662 1866 760 1905 314,
780 1851 934 1906 pesfime
956 1850 1079 1904 lapsus
1104 1852 1177 1892 est:
1201 1864 1399 1904 nunquam
1420 1852 1550 1897 aliter,
1571 1851 1600 1890 fi
1620 1865 1678 1891 re-

413 1904 473 1944 δε
498 1906 680 1952 memini,
697 1906 880 1946 Aelianus
896 1920 910 1946 ;·
925 1906 1013 1945 vide
1031 1905 1128 1953 XII,
1149 1905 1221 1955 28,
1245 1906 1286 1945 &
1309 1905 1541 1944 simillimum
1565 1905 1679 1959 plane

413 1958 625 1999 Clementis
643 1959 771 1999 locum
788 1960 901 2000 Paed.
918 1959 980 2006 11,
999 1973 1035 2011 p.
1059 1959 1132 1998 188
1147 1959 1201 2000 D.
1223 1959 1391 1999 Arcadas
1409 1970 1538 1999 autem
1554 1958 1681 2012 ipsos,

413 2025 584 2065 quorum
615 2013 742 2066 lingua
773 2013 943 2054 Doricae
974 2012 1140 2052 dialefio-
1162 2014 1443 2060 contribuitur,
1473 2013 1680 2061 κοττύφους

414 2065 647 2112 enuntiasse,
670 2081 853 2120 perquam
874 2067 919 2106 fit
929 2066 1168 2114 verosimile,
1189 2067 1281 2120 quia
1291 2066 1520 2120 Cottyphus
1534 2067 1679 2116 Arcas,

414 2132 528 2172 quem
545 2121 854 2173 Amphifiyones
873 2122 1143 2173 imperatorem
1162 2121 1337 2174 legerunt
1350 2151 1364 2167 ‚
1378 2131 1614 2161 memoratur
1628 2120 1683 2160 ab

414 2173 602 2214 Aeschine
624 2175 662 2213 in
683 2174 854 2229 Ctefiph.
879 2188 962 2228 pag.
990 2188 1036 2225 7¹
1054 2205 1065 2221 ‚
1088 2188 1127 2214 V.
1151 2189 1226 2223 40,
1251 2174 1291 2213 &
1315 2173 1577 2214 Demosthene
1603 2186 1682 2225 pro

416 2227 512 2267 Cor.
536 2242 571 2281 p.
594 2228 670 2278 498
685 2259 696 2277 ‚
719 2243 808 2281 499.
827 2230 918 2268 Hoc
937 2229 1091 2281 quidem
1111 2229 1213 2281 apud
1237 2228 1390 2268 Atticos
1411 2229 1540 2267 itidem
1562 2227 1680 2267 usita-

416 2291 523 2328 tunr,
549 2282 610 2320 sed
630 2283 656 2320 ii
670 2293 797 2322 tamen
816 2283 998 2335 proprios
1012 2282 1079 2321 fibi
1096 2282 1287 2333 κοψίχους
1301 2282 1514 2327 vindicant,
1538 2292 1680 2322 notan·

416 2344 456 2374 te
471 2335 731 2388 Moscliopulo
749 2337 830 2388 περὶ
843 2336 1010 2388 Σχεὸὦν
1033 2351 1069 2389 p.
1086 2338 1148 2375 61.
1161 2349 1281 2389 quare
1295 2336 1332 2374 in
1347 2335 1525 2375 Moeride
1539 2335 1681 2375 Attici·

419 2387 472 2427 sta
493 2389 595 2428 malo
614 2390 758 2440 legere:
781 2389 964 2441 Κὸψυχος
981 2389 1161 2430 Ἀττικῶς
1174 2389 1255 2428 ἀντὶ
1267 2388 1332 2427 τοῦ
1350 2389 1531 2438 κόσσυφος
1545 2388 1676 2428 Ἕλλη·

418 2441 547 2482 νικῶς.”
559 2443 619 2482 Sic
643 2443 727 2483 sane
748 2444 835 2496 plus
858 2457 934 2483 una
960 2445 1048 2483 vice
1071 2442 1342 2495 Aristophanes
1367 2443 1404 2482 in
1429 2443 1607 2490 Avibus,
1632 2442 1676 2480 δε

418 2496 519 2549 apud
538 2497 787 2537 Athenaeum
808 2497 915 2551 saepe
936 2509 1085 2538 veteres
1107 2496 1284 2538 Comici:
1307 2495 1381 2538 vid.
1399 2511 1437 2551 p.
1454 2495 1502 2550 65
1525 2496 1579 2536 D.
1602 2494 1677 2551 558
