1737 3378
427 246 558 277 cxvi
657 224 1043 271 TESTIMONIA
1076 223 1171 269 DE
1200 224 1489 273 LUCIANO.

427 330 786 385 accommodus,
816 330 987 376 Graeca
1014 332 1174 393 lingua
1201 332 1292 376 iam
1320 334 1461 393 plene
1489 333 1686 379 imbutis

427 399 564 445 utilis.
586 397 710 442 Hinc
728 395 1051 441 florentissimis
1066 397 1278 456 Europae
1297 397 1539 459 gymnasiis
1556 414 1685 443 corn·-

426 461 815 516 mendatissirnus‚
844 472 897 505 ut
918 476 978 505 ex
1005 477 1061 505 eo
1080 461 1274 506 studiosa
1308 462 1548 517 iuventus,
1580 473 1686 508 tan-.

426 543 573 586 quam
594 542 653 571 ex
669 524 824 581 fonte,
847 541 1025 585 purum
1045 525 1359 570 Graecismum
1381 526 1604 571 hauriret:
1632 528 1685 572 il-

424 593 556 651 lique
582 590 780 635 aliorum
795 624 807 645 ,
829 590 911 649 qui
931 590 979 633 in
1000 590 1162 634 scholis
1182 590 1380 651 praelegi
1409 591 1558 636 solent
1572 625 1584 647 ,
1602 608 1686 636 au-

419 653 609 702 &orum
626 654 793 699 fabulis
810 654 1104 709 scatentium,
1135 656 1315 713 amplus
1334 656 1374 698 Sc
1391 656 1555 714 planus
1572 655 1680 700 effet

375 762 377 765 .
423 720 806 765 commentarius:
831 717 870 762 Sc
889 734 946 762 ex
967 719 1183 763 varietate
1202 719 1479 779 scriptorum
1502 721 1688 777 πολυτρό-

422 802 494 829 που
515 784 716 829 hominis
736 783 894 837 huius⁷
924 782 1051 841 apud
1073 799 1215 842 quem
1238 784 1365 827 nulla
1390 783 1482 827 fere
1501 800 1570 828 res
1596 785 1686 838 est,

424 865 547 910 quae
570 865 668 893 non
689 847 845 892 veniat
865 847 912 891 in
942 848 1226 902 sermonem,
1257 848 1430 892 Graece
1446 848 1682 907 loquendi

422 914 734 959 formularum
764 910 898 955 flores
930 911 1212 970 decerperet.
1253 911 1393 978 Quae
1428 927 1539 956 cum
1573 912 1683 956 citra
1736 920 1737 948 1

420 977 781 1024 controversiam
803 976 864 1020 ita
884 976 972 1020 slnt
987 1010 999 1031 ‚
1034 992 1177 1020 omne
1195 973 1433 1035 punctum
1459 977 1570 1021 tulit
1591 976 1684 1021 Lu·-

417 1045 602 1098 cianus,
630 1042 715 1100 qui
739 1042 853 1085 utile
878 1040 1005 1084 dulci
1027 1040 1236 1084 miscuit:
1258 1039 1426 1102 dignus
1442 1037 1685 1100 profeclo,

418 1124 571 1167 quem
595 1106 748 1151 omnis
773 1107 1011 1161 φιλόμουσος
1029 1115 1179 1159 amet,
1208 1120 1354 1163 quem
1383 1105 1560 1164 alioqui
1590 1105 1682 1149 im·-

419 1172 558 1232 pium
587 1171 665 1215 vel
692 1170 795 1230 pius
825 1186 923 1213 non
954 1168 1261 1230 dedignetur,
1298 1168 1530 1228 siquidem
1555 1170 1685 1229 puris

418 1237 581 1282 omnia
598 1251 738 1296 pura,
769 1234 853 1292 qui
872 1250 957 1279 ceu
977 1234 1199 1278 Ponticae
1216 1250 1340 1293 apes,
1368 1235 1463 1277 mel
1482 1233 1684 1279 dulciffi-

418 1318 557 1346 mum
577 1316 637 1346 ex
655 1298 925 1343 amariffimo
942 1297 1171 1342 absinthio
1189 1298 1460 1343 conficiunt.
1494 1297 1594 1361 Age
1612 1314 1682 1343 er-

418 1383 479 1429 go
495 1366 772 1425 quicunque
789 1363 911 1417 seria,
930 1363 1207 1422 quicunque
1222 1363 1371 1407 iocosa
1391 1363 1585 1422 quaeris,
1603 1363 1682 1408 hic

420 1431 652 1484 invenies,
686 1428 823 1487 quod
852 1428 1066 1471 animum
1087 1438 1226 1471 tuum
1252 1443 1546 1486 quocunque
1575 1439 1681 1472 tan-
1706 1447 1709 1453 ¹

417 1495 531 1539 dem
548 1494 698 1538 modo
715 1489 935 1536 affefium
963 1490 1191 1535 refocillet
1203 1526 1216 1546 ,
1251 1491 1340 1535 slve
1357 1502 1402 1535 te
1422 1491 1553 1536 domi
1571 1493 1682 1537 hae-

416 1570 602 1603 rentem
613 1593 625 1613 ,
643 1558 735 1601 five
751 1556 844 1600 ruri
858 1555 1116 1601 versantem
1128 1590 1140 1610 ,
1157 1554 1248 1599 five
1260 1571 1451 1618 peregre
1468 1567 1681 1613 euntem,

416 1622 674 1684 politiffimi
705 1618 901 1666 auffloris
929 1616 1131 1665 lechone
1162 1635 1362 1665 recreare
1386 1621 1555 1681 cupies.
1586 1621 1680 1667 Hic

416 1690 540 1733 inter
559 1702 776 1750 agrorum
797 1686 886 1730 sata
904 1686 1044 1740 laeta,
1073 1701 1230 1729 rerum
1250 1685 1402 1730 omnis
1421 1685 1597 1747 generis
1614 1686 1679 1730 se-

416 1763 573 1815 getem
595 1751 680 1796 tibi
707 1750 1046 1811 suppeditabit:
1077 1750 1125 1793 in
1143 1750 1282 1794 horto
1300 1749 1470 1794 florido
1484 1784 1496 1806 ‚
1516 1751 1678 1796 rheto-

415 1817 622 1861 ricorum
639 1815 815 1860 florum
833 1815 972 1859 varias
990 1830 1180 1858 coronas
1199 1811 1354 1859 nectct
1371 1834 1380 1858 1
1408 1814 1456 1858 in
1472 1814 1612 1860 viridi
1635 1815 1678 1860 Sc

418 1882 590 1944 irriguo
607 1891 741 1941 prato
754 1914 766 1935 ‚
787 1880 986 1940 perenni
1005 1879 1302 1938 eloquentiae
1318 1879 1590 1942 scaturigine
1602 1912 1614 1935 ‚
1635 1878 1678 1924 Sc

413 1945 620 2006 limpidis
639 1944 883 1990 facundiae
898 1944 1004 1989 rivis
1021 1954 1068 1988 te
1088 1944 1321 1988 recreabit.
1336 1943 1561 2003 Denique
1580 1960 1676 1989 ma-

416 2028 512 2074 gno
540 2026 744 2071 parvove
778 2010 862 2054 sub
898 2011 987 2053 lare
1015 2008 1294 2071 degentem,
1325 2008 1535 2053 moribus
1565 2020 1676 2054 tuae

419 2076 527 2121 sorti
556 2074 975 2128 convenientibus,
1008 2089 1138 2118 nunc
1166 2074 1270 2117 salsa
1299 2073 1536 2118 dicacitate
1561 2073 1674 2118 vitia

414 2139 682 2185 mordendo
694 2174 707 2195 ‚
721 2155 849 2184 nunc
867 2138 1029 2182 merita
1047 2137 1184 2183 laude
1198 2138 1423 2182 virtutem
1442 2138 1674 2183 extollen-

414 2205 503 2262 do,
532 2221 661 2250 nunc
687 2201 810 2249 resta
826 2202 1157 2263 praecipiendo
1173 2237 1185 2258 ,
1211 2213 1258 2246 te
1275 2202 1559 2247 informabit.

479 2271 582 2315 Alia
606 2270 654 2315 de
683 2269 876 2315 Luciano
908 2268 1065 2312 iudicia
1087 2267 1171 2314 vid.
1187 2266 1315 2331 supr.
1346 2269 1389 2313 in
1415 2266 1592 2331 Dg'ffi'rt.
1622 2266 1674 2314 de

411 2336 499 2381 eius
515 2336 619 2383 vita.
