1737 3378
412 229 502 262 σιν
635 213 730 257 ῙΟ.
778 207 1078 255 27!.›1TTH.
1127 206 1482 253 GESNERI

408 315 591 358 notationis
606 315 710 366 plane
727 314 826 360 nihil,
845 314 974 353 literam
995 313 1125 352 nullam
1141 315 1320 359 Graecam,
1332 311 1414 357 libro
1435 311 1516 351 huic
1535 309 1668 362 adfirt‘i

404 374 474 425 psit
494 370 547 407 vir
565 369 780 420 dofflffimus:
797 384 889 421 quem
908 368 1028 406 librum
1045 367 1081 405 in
1095 366 1304 406 Bibliotheca
1317 366 1523 405 Academiae
1534 366 1666 419 nostrae

406 418 544 476 publica
561 422 703 476 reposui,
725 435 764 461 ut
777 424 815 475 fi
828 422 886 475 qui
900 422 958 461 vel
967 422 1034 460 iam
1051 421 1200 459 viventes
1215 421 1271 458 vel
1276 419 1396 473 posteri
1413 421 1495 458 adeo
1505 420 1666 472 requirere

412 478 537 522 velint,
550 476 585 514 in
603 489 766 528 quantum
787 477 867 516 mihi
889 491 963 514 cum
977 475 1107 514 Solano
1118 475 1315 521 conveniat,
1326 472 1405 525 suis
1418 474 1541 525 pqffmt
1555 472 1666 512 oculis
1714 488 1719 492 ·

404 532 510 582 fidem
533 531 659 570 habere.
677 531 749 581 Qui
768 531 832 569 hoc
847 544 941 583 agere
957 530 1090 575 volent,
1110 528 1162 566 illi
1176 528 1309 567 collatis
1328 527 1446 580 nostris
1466 527 1667 566 annotatio-

413 585 512 623 nibus
531 584 714 636 intelligent
723 582 849 636 facile,
871 599 938 623 non
960 583 1071 622 minus
1078 583 1181 634 saepe
1196 582 1291 621 nobis
1312 580 1485 620 convenire
1505 580 1542 619 in
1558 580 1603 618 iis
1620 579 1668 618 Ε-

413 638 523 685 bellis,
542 653 682 690 quorum
699 653 757 691 ego
769 637 1066 691 interpretationem
1078 652 1101 674 a
1111 636 1242 674 solano
1260 637 1432 675 curretiam
1446 634 1556 674 oculis
1567 633 1669 686 usur-

409 706 493 744 pare
513 707 580 730 non
596 692 715 744 potui,
740 706 841 744 quam
860 692 896 729 in
921 691 1000 729 aliis
1015 706 1027 729 .-
1053 690 1225 730 converu're
1245 689 1341 729 nobis
1347 687 1449 741 saepe
1468 689 1505 726 in
1520 698 1670 728 auriota*

414 746 576 792 tionibus,
595 761 736 798 quarum
756 760 814 798 ego
825 745 925 796 plane
944 745 1071 783 nullam
1089 758 1236 795 unquam
1251 743 1322 781 νὶὧ
1339 754 1432 788 ante,
1451 757 1551 794 quam
1573 741 1672 794 typis

414 799 583 852 exprqffae
604 802 652 838 ad
673 815 723 838 me
744 799 892 838 venirent
905 813 917 836 .·
941 799 1113 837 convenire
1132 798 1168 835 in
1187 797 1249 835 illa
1275 797 1412 836 encomii
1434 796 1672 849 Demosthenis

415 854 616 907 restitutione
627 883 638 900 ‚
656 866 732 903 cap.
752 868 799 903 29
809 867 825 899 ;
846 852 1017 891 convenire
1035 863 1143 889 tamen
1158 851 1229 898 ita,
1246 863 1285 889 ut
1306 861 1488 903 appareat,
1509 851 1577 888 duo
1592 849 1674 901 ff,

416 909 475 960 qui
502 922 604 945 unum
624 907 771 957 egerint,
795 907 892 946 ambo
906 905 1098 957 familiares
1115 905 1268 943 Luciano
1282 934 1295 952 ,
1312 905 1409 943 ambo
1431 919 1498 942 non
1519 903 1673 942 novicios

417 963 453 999 in
476 961 538 999 hoc
559 975 670 1013 genere
691 960 877 1014 studiorum
890 989 901 1007 ‚
927 959 993 1011 sed
1014 959 1073 1011 qui
1091 957 1195 1009 suam
1207 959 1275 1008 sibi
1299 958 1390 997 viam
1414 967 1575 1002 teneant,
1601 972 1673 996 uon

417 1030 503 1065 opus
527 1015 672 1052 habeant
684 1014 814 1064 semper
835 1014 922 1052 alios
945 1013 1110 1065 respicere.
1139 1012 1254 1064 Apud
1277 1023 1306 1050 te
1333 1011 1481 1064 quidem,
1501 1010 1675 1063 dofflffime

416 1068 540 1107 Reitzi
553 1099 563 1115 ,
583 1083 652 1106 non
674 1083 759 1120 opus
774 1079 845 1105 erat
859 1069 939 1106 haec
955 1066 1138 1119 disputare,
1156 1066 1213 1118 qui
1228 1064 1382 1117 conscius
1400 1080 1448 1110 es,
1467 1064 1524 1117 qui
1541 1066 1675 1118 aliquot

419 1123 502 1160 locis
521 1121 696 1174 indicasti,
716 1121 774 1159 tibi
793 1136 921 1173 quoque
939 1122 975 1159 in
997 1133 1134 1160 mentem
1153 1120 1261 1158 venire
1274 1119 1394 1171 solere,
1410 1133 1496 1171 quae
1513 1118 1604 1157 vela
1621 1134 1674 1158 me

418 1176 475 1213 vel
494 1177 537 1213 ab
550 1176 630 1213 aliis
647 1188 811 1227 occupata
832 1175 944 1213 deinde
957 1174 1162 1226 intellexisti:
1181 1174 1238 1226 qui
1260 1172 1330 1226 ipse
1346 1173 1478 1225 aliquot
1487 1172 1570 1211 locis
1583 1174 1676 1211 hunc

418 1228 529 1282 ipsum
549 1229 615 1268 veri
637 1231 826 1268 charaaera
838 1229 1032 1281 prodiAEsti‚
1053 1231 1144 1281 quod
1165 1228 1251 1266 inter
1275 1243 1324 1266 me
1348 1227 1385 1265 6·
1400 1226 1507 1272 alios,
1530 1227 1570 1264 de
1589 1241 1675 1279 quo-

419 1299 492 1322 rum
507 1284 661 1336 cogitatis
679 1282 805 1321 neutris
818 1282 950 1335 aliquid
959 1284 1103 1334 constare
1110 1293 1256 1334 poterat,
1272 1281 1410 1334 pulchre
1423 1279 1598 1319 convenire
1614 1281 1676 1319 ob·

414 1337 581 1389 servares.
600 1338 720 1389 Itaque
734 1348 805 1374 tota
821 1337 902 1374 lzaec
920 1337 1027 1375 oratio
1034 1335 1252 1388 supervacua
1275 1336 1371 1386 apud
1386 1347 1418 1372 te
1433 1334 1470 1372 δ’
1476 1348 1584 1386 paene
1596 1335 1675 1373 ina·

421 1392 476 1429 nis
498 1391 560 1441 est:
581 1405 706 1443 neque,
717 1389 848 1441 fateor,
869 1390 953 1429 mihi
974 1391 1009 1427 in
1030 1401 1165 1427 mentem
1184 1389 1340 1441 veniffet,
1358 1389 1409 1426 ita
1427 1390 1551 1426 minute
1563 1389 1677 1427 mede

419 1460 452 1484 re
471 1444 662 1496 disputare,
684 1459 758 1483 cum
781 1443 983 1495 conscientia
1004 1444 1109 1481 videri
1130 1444 1228 1495 pofflt
1246 1456 1316 1481 tam
1338 1453 1534 1481 accuratum
1554 1443 1591 1480 in
1608 1442 1675 1480 tafi

419 1512 454 1537 re
468 1499 617 1549 studium
626 1512 643 1544 ,·
663 1499 728 1548 nisi
746 1496 835 1548 hisce
857 1499 936 1548 ipsis
956 1497 1071 1535 diebus
1088 1497 1172 1536 milii
1190 1496 1319 1535 allatus
1338 1497 1469 1534 tandem
1484 1494 1562 1547 eſj'et
1576 1495 1676 1543 liber,

419 1552 456 1588 in
478 1566 543 1602 quo
565 1566 587 1588 a
608 1563 733 1602 magna
752 1566 801 1588 me
822 1550 884 1602 spe
906 1551 1082 1598 deiet‘lum,
1103 1565 1171 1588 non
1182 1551 1257 1601 fine
1286 1549 1510 1601 motfiuncula
1528 1552 1675 1602 quadam

420 1604 547 1642 doloris
558 1603 706 1654 obfirvo.
729 1604 901 1642 Putabam
920 1605 970 1643 ita
980 1620 1002 1642 a
1014 1619 1064 1642 me
1083 1604 1347 1657 administratam
1354 1604 1566 1655 provinciam
1577 1605 1676 1642 eden·

420 1660 538 1697 domm
561 1657 803 1710 Scriptorum
829 1658 883 1697 rei
907 1657 1087 1703 rusticae,
1101 1670 1140 1696 ut
1149 1656 1242 1708 fhrte
1259 1658 1296 1696 in
1316 1657 1448 1708 ingenio
1461 1671 1552 1703 meo,
1567 1657 1604 1696 in
1619 1658 1676 1696 di-

420 1712 584 1763 ligentia,
607 1712 643 1749 in
668 1713 814 1750 doHrina
837 1712 971 1765 aliquid
988 1713 1161 1760 desiderari
1178 1710 1312 1764 poffet;
1337 1711 1493 1750 candoris
1511 1711 1645 1762 quidem
1659 1740 1673 1758 ‚

413 1767 580 1816 pudoris,
604 1766 785 1818 honestatis
796 1764 965 1816 summam
987 1781 1010 1803 a
1029 1779 1079 1803 me
1101 1765 1250 1803 habitam
1268 1766 1426 1804 rationem
1439 1794 1453 1811 ‚
1462 1764 1539 1815 scio
1549 1794 1564 1811 ,
1587 1765 1677 1817 eiust

420 1834 482 1871 que
500 1821 546 1857 rei
569 1821 720 1858 animum
737 1834 843 1858 meum
868 1821 972 1872 testem
989 1819 1115 1864 habeo,
1142 1832 1182 1857 ut
1201 1820 1300 1858 velim
1318 1821 1368 1857 ita
1382 1833 1507 1858 mecum
1523 1820 1676 1872 agi-dum

420 1874 526 1918 vivo,
546 1872 582 1910 G*
599 1888 674 1911 cum
695 1888 750 1911 ero
763 1885 934 1919 mortuus,
959 1885 998 1910 ut
1017 1887 1075 1925 ego
1094 1885 1170 1912 cum
1191 1872 1382 1912 viventibus
1397 1872 1434 1911 δ’
1449 1873 1592 1912 mortuis
1609 1875 1676 1928 egi,

420 1941 560 1977 quorum
579 1927 664 1965 mihi
679 1927 924 1965 lucubrationes
946 1926 1136 1978 commtffae
1155 1939 1254 1980 atque
1275 1928 1415 1966 creditae
1438 1939 1543 1966 erant.
1634 1971 1637 1974 y

474 1980 591 2031 Itaque
609 1981 719 2018 laetus
732 1981 768 2018 in
787 1994 907 2019 manus
910 1979 1083 2031 filmebam
1095 1980 1316 2032 exspetlatum
1328 1981 1537 2033 aliquamdiu
1550 1981 1673 2021 librum

418 2032 503 2072 Iulii
519 2033 766 2080 Pontederae‚
782 2035 849 2073 viri
867 2034 980 2073 merito
983 2033 1054 2085 suo
1069 2034 1253 2086 clariffimi‚
1265 2034 1410 2073 Patavii
1424 2045 1494 2074 cto
1503 2046 1548 2073 ιο
1563 2045 1674 2074 ccxx

418 2089 555 2132 editum,
567 2089 622 2126 cui
638 2088 773 2126 titulum
781 2087 1005 2140 praescripsit,
1015 2087 1304 2141 Antiquitatum
1316 2087 1537 2128 Latinarum
1549 2087 1677 2128 Grae-

418 2153 630 2194 carumque
662 2142 921 2180 enarrationes
951 2151 1068 2192 atque
1092 2142 1379 2181 emendationes
1399 2142 1604 2195 praecipue
1631 2142 1681 2182 ad

419 2196 561 2234 veteris
583 2195 672 2234 anni
691 2195 881 2234 rationem
902 2195 1104 2234 attinentes
1118 2195 1283 2246 epistolis
1305 2207 1443 2235 vam
1469 2208 1678 2248 compren-

416 2247 477 2287 sae
503 2249 544 2288 &
565 2248 706 2288 tabulis
727 2249 896 2300 plurimis
918 2253 1090 2288 ornatae.
1127 2251 1252 2300 Cupide
1272 2251 1463 2289 evolvebam
1484 2249 1675 2302 Epistolam

420 2315 530 2349 llll,
553 2318 654 2356 quam
669 2317 763 2356 agere
784 2305 920 2342 docebat
941 2315 1170 2356 argumentum
1189 2304 1233 2342 de
1251 2302 1426 2356 Lipfienfi
1444 2302 1673 2343 rusticorum

418 2355 620 2396 τιιιξὶοτυῐη
642 2357 821 2396 editione.
847 2358 933 2395 Non
954 2358 1061 2409 magis
1075 2387 1087 2403 ‚
1108 2359 1203 2396 credo
1214 2386 1229 2403 ,
1248 2358 1462 2408 perturbatus
1482 2358 1525 2411 est
1541 2357 1673 2402 Cicero,

414 2424 490 2448 cum
503 2413 608 2449 redux
623 2426 644 2448 a
662 2412 852 2462 Quaeflura
864 2412 984 2449 Sicula
998 2411 1032 2448 f·-
1045 2411 1204 2449 laudibus
1216 2410 1358 2462 sitorum
1369 2411 1496 2450 civium
1513 2411 1677 2457 inhians„

413 2479 497 2514 quas
517 2463 666 2516 meruiffi’
675 2464 743 2516 fibi
756 2460 950 2509 'videbatur,
965 2463 1172 2514 observaret,
1190 2464 1254 2515 effe
1274 2464 1421 2504 homines
1438 2465 1566 2504 Romae
1574 2493 1588 2510 ,
1606 2464 1669 2517 qui

411 2517 518 2570 ipsum
536 2521 575 2558 de
594 2518 692 2557 vultu
709 2533 751 2557 ac
769 2519 900 2557 nomine
921 2517 1070 2571 noffent‚
1091 2519 1152 2572 qui
1163 2519 1281 2565 iidem,
1292 2518 1399 2572 suff
1422 2517 1534 2572 ipsum
1554 2519 1591 2560 ὺι
1604 2518 1670 2558 Si·-
