1737 3378
299 229 386 274 IN
440 199 1057 274 'PROMETHEUM
1222 245 1310 291 213

49 314 151 355 male
170 314 389 355 haerentem
411 314 632 356 sententiam
655 314 879 356 obscuriore
908 315 1084 355 verfione
1109 314 1315 356 incrustare

52 369 193 408 frustra
205 367 290 408 sunt
304 371 442 409 conati.
460 371 502 408 In
517 370 705 422 proximis
717 369 972 408 Bourdelotio
987 382 1046 408 res
1065 368 1217 421 pessime
1234 369 1317 409 suc-

51 421 176 470 cessit,
198 433 240 462 ut
258 421 343 462 satis
360 422 597 462 manifestum
619 422 690 469 est,
716 421 744 460 si
769 422 983 474 Lucianum
1000 422 1120 473 ipsum
1142 423 1318 463 conferas

49 475 91 514 in
117 477 235 515 Zeux.
255 476 272 525 §
297 490 360 524 12,
387 473 460 529 ὥρα.
476 476 591 514 τοίνυν
607 490 658 526 με
677 475 855 523 σκοπεῖν,
877 473 930 525 μη
955 475 1019 514 m.)
1044 472 1177 526 τοῦμὸν
1199 476 1317 527 ὅμοιον

49 523 71 579 3⁶3
94 528 148 578 τῷ
167 528 349 582 Ἀντιόχῳ
374 530 447 570 &c.
471 530 637 568 HEMST.

106 585 180 621 ead.
199 583 222 622 l.
246 597 278 635 3.
296 583 491 636 Διαλόγου
507 583 571 621 καὶ
597 580 814 634 κωμῳὸίοις)
835 581 899 621 De
914 581 1054 634 quibus
1076 582 1114 620 in
1129 582 1230 622 Dial.
1247 583 1316 623 Δὶς

51 648 202 688 κατηγ.
220 636 393 675 Romu).

103 692 175 726 ead.
194 689 219 727 l.
242 703 274 740 5.
292 688 400 740 Μίξις
419 687 572 741 impu.)
592 688 693 728 Vide
711 689 852 728 Horat.
872 688 918 727 de
936 688 1033 727 Arte
1047 687 1154 728 Poe't.
1169 687 1250 740 ipso
1269 688 1316 727 li·

48 741 238 782 matiffimi
253 743 433 782 carminis
456 743 594 788 initio,
616 743 874 795 tredecimque
892 742 977 781 illos
1000 740 1156 790 versus,
1177 743 1216 780 ni
1234 754 1314 780 me-

48 796 207 835 moriter
223 796 297 836 iam
316 805 444 843 tenes,
465 796 666 849 perlegito.
686 795 844 836 SotAN.

60 878 69 885 .
104 852 177 888 ead.
192 849 217 888 l.
235 850 271 889 6.
287 844 396 889 ’'Eo-‘ta
415 850 505 903 your
525 850 567 888 ἐκ,
584 849 652 890 ἑὺο
671 849 798 889 καλῶν
816 849 1043 895 ἀλλόκοτον,
1062 848 1128 888 την
1146 845 1315 901 ξυνθήκην

49 897 280 955 εἶναιγΈσ-τι
299 900 393 954 ’γοῦν
414 905 456 943 ἐκ.
475 902 542 942 <suo
559 902 704 949 καλῶν,
720 901 938 942 ἀλλόκοτον.
958 903 1149 943 MARCIL.

102 957 184 996 ibid.
203 957 350 996 Ἀλλόκ..
372 957 434 996 τὴν
448 956 561 1011 ξυνθ.)
579 958 669 996 Hoc
683 956 760 1003 est,
777 969 905 996 rerum
922 968 1057 995 natura
1076 955 1313 996 diversarum

49 1009 335 1063 compositione
352 1009 554 1050 absurdum
567 1042 577 1059 ‚
598 1011 927 1064 quemadmodum
942 1010 1111 1050 Humano
1126 1011 1230 1061 capiti
1243 1025 1313 1049 cer-

49 1064 153 1104 vicem
165 1065 276 1117 piclor
290 1066 445 1117 equinam
467 1065 602 1116 Iungere
612 1067 650 1117 si
666 1065 770 1111 velit,
794 1065 829 1103 6³
849 1065 965 1103 varias
987 1065 1137 1104 inducere
1152 1065 1314 1116 plumas,

50 1119 212 1171 Undique
231 1119 362 1158 collatis
383 1119 559 1164 membris,
581 1131 620 1157 ut
649 1119 789 1170 turpiter
815 1130 925 1157 atrum
955 1120 1101 1169 Desinat
1124 1119 1160 1156 in
1185 1116 1314 1170 piscem

49 1172 169 1211 mulier
182 1171 340 1224 fbrmofa
355 1172 508 1225 superne.
533 1173 669 1211 Horat.
696 1173 735 1210 in
757 1172 806 1212 A.
827 1172 865 1210 P.
888 1172 1205 1225 Etymologicum
1221 1172 1314 1210 Ma·

49 1238 192 1277 gnum:
218 1225 461 1273 Ἀλλόκοτον,
475 1230 518 1264 τὸ
534 1225 724 1275 1ἀνόμοιον,
741 1226 759 1265 ἢ
775 1225 816 1276 ἐξ
837 1225 1007 1275 ἀνομοίων
1021 1226 1223 1264 συνεστώς·
1242 1226 1313 1263 ἀλ·

50 1278 200 1318 λότοκον
212 1310 224 1328 ,
243 1279 305 1318 καὶ
319 1279 400 1318 καθ’
412 1276 690 1332 ὖπερβιβασμὸν
705 1279 923 1318 ἀλλόκοτον·
935 1279 1082 1331 diffi'mile
1093 1309 1107 1325 ‚
1121 1279 1176 1317 vel
1189 1295 1232 1317 ex
1244 1277 1313 1330 disi

37 1334 209 1384 fitnilt'bus
228 1335 400 1386 constans:
419 1333 540 1373 diuum
563 1335 606 1387 est
628 1334 773 1385 primum
791 1332 993 1372 ἀλλὸτοκον
1010 1332 1142 1386 (quasi
1162 1346 1211 1372 ex
1232 1333 1313 1371 alio

49 1399 190 1439 genere
205 1397 337 1426 natum
347 1386 500 1442 )Ndeinde
514 1386 769 1440 transpofitione
786 1386 956 1426 literarum
972 1387 1190 1426 ἀλλόκοτον.
1205 1386 1312 1426 Post-

49 1452 119 1479 ea:
142 1441 314 1490 σημαίνει
339 1443 396 1480 οὐν
417 1440 797 1495 ἑξηλλαγμῖηονμοιὶ
813 1439 1034 1493 ἰδιότροπον
1047 1442 1222 1493 fignificat
1235 1454 1311 1492 ergo

49 1494 87 1533 in
103 1495 210 1534 aliam
221 1495 372 1546 fhrmam
385 1507 551 1535 mutatum
565 1496 599 1533 ἐξ)
613 1494 788 1546 morofitm.
805 1493 933 1534 CLER.

104 1552 178 1588 ead.
193 1549 215 1587 l.
231 1562 269 1598 7.
285 1547 327 1586 ‘O
347 1548 676 1602 Ἱπποκένταυρος)
699 1549 1004 1601 Hippocentauri
1022 1561 1070 1588 ex
1090 1548 1249 1588 homine
1269 1548 1311 1588 &

49 1614 156 1655 equo
174 1601 259 1641 sunt
281 1602 461 1649 conflati,
478 1603 520 1642 δε
543 1614 746 1656 propterea
764 1601 906 1651 διφυεῖς
929 1603 976 1641 ab
996 1601 1161 1642 Isocrate
1180 1601 1310 1655 appel·

50 1656 191 1696 lantur.
215 1655 459 1708 Compofitio
475 1656 624 1696 diversa
645 1658 686 1696 δε
703 1657 811 1695 varia
830 1657 1170 1709 Hippocentaurus
1195 1668 1313 1695 voca-

50 1719 126 1749 tur.
143 1710 289 1749 COGN.
306 1709 462 1763 Duplici
481 1709 560 1751 fere
574 1709 680 1750 sensu
696 1721 844 1749 veteres
860 1710 1061 1763 usurpant:
1080 1711 1244 1763 primum
1264 1708 1314 1748 ad

50 1762 333 1817 significandam
353 1777 435 1804 rem
457 1764 536 1804 five
552 1763 749 1803 -insolitam
775 1763 815 1803 &
843 1764 1010 1816 portenti
1030 1762 1184 1802 similem
1198 1792 1208 1809 ,
1232 1763 1313 1801 five

49 1817 180 1859 fluam
209 1819 251 1858 δι
281 1830 375 1858 vera
400 1828 537 1858 natura
559 1831 724 1858 vacuam
747 1817 961 1857 adhibetur:
986 1817 1154 1857 Eustath.
1178 1818 1313 1856 ἀνυπο-

50 1872 220 1912 στάτους
233 1871 365 1911 ἑννοίας
379 1901 390 1919 ,
407 1873 472 1912 καὶ
489 1871 536 1911 ἃς
558 1869 626 1911 οὐκ
647 1868 726 1911 osse
748 1872 863 1922 φύσις
880 1871 1109 1923 πλεο-φορεῖν
1124 1871 1171 1909 ad
1190 1871 1233 1910 Il.
1257 1873 1284 1908 A
1298 1900 1311 1917 ,

52 1939 93 1980 p.
120 1940 206 1965 102.
229 1926 305 1978 quis
321 1926 406 1965 enim
424 1927 719 1980 hippocentaurum
733 1925 863 1977 fiuſj'e,
885 1938 950 1965 aut
967 1926 1166 1965 chimaeram
1176 1926 1310 1978 putat?

54 1990 99 2018 ut
117 1979 168 2019 ait
189 1978 316 2019 Cicer.
340 1980 386 2019 de
406 1980 455 2019 N.
483 1980 536 2020 D.
559 1980 621 2027 ΙΙ,
644 1994 677 2020 c.
709 1994 745 2019 2.
765 1979 905 2019 Noster
925 1980 964 2018 in
993 1979 1171 2019 Hermot.
1195 1980 1210 2028 ἕ
1233 1992 1282 2026 72
1298 2008 1313 2023 ,

53 2045 144 2072 cum
168 2032 374 2073 chimaeras
392 2034 434 2073 &
451 2046 645 2087 gorgonas
664 2033 854 2086 adiungit,
869 2034 908 2072 in
922 2033 1052 2072 animo
1069 2044 1173 2072 certe
1187 2033 1311 2071 Plato-

53 2087 114 2127 nis
135 2087 267 2126 habuit
286 2086 416 2126 locum
435 2087 474 2126 in
486 2087 641 2127 Phaedr.
661 2102 698 2141 p.
717 2101 783 2126 121
798 2101 811 2125 1
832 2088 876 2127 B.
895 2088 962 2140 qui
979 2086 1206 2140 ἀμηχάνους
1219 2083 1315 2127 πλη-

54 2142 108 2179 θει
125 2155 168 2178 τε
190 2140 255 2178 καὶ
277 2140 422 2190 ἀτοπίᾳ,
441 2143 720 2194 τερατολὸγους
742 2141 875 2192 φύσεις
899 2152 1029 2181 vocat.
1049 2141 1173 2180 Cicer.
1197 2141 1242 2179 de
1263 2140 1312 2179 N.

55 2192 111 2234 D.
125 2194 142 2233 I
154 2223 167 2240 ,
188 2193 235 2247 38
248 2223 262 2239 ,
281 2193 366 2246 quid
377 2195 525 2248 interest,
545 2207 654 2234 utrum
670 2194 708 2233 de
726 2197 1007 2248 hippocentauro,
1023 2211 1069 2233 an
1093 2195 1132 2232 de
1149 2196 1228 2234 Deo
1250 2209 1313 2232 co-

53 2248 225 2299 gitemus?
237 2248 299 2286 Ad
313 2247 409 2288 hanc
422 2261 595 2287 normam
609 2247 847 2288 somniorum
868 2249 1093 2301 interpretes
1105 2248 1313 2301 hippocen-

54 2311 209 2346 tauros,
230 2312 345 2354 atque
378 2302 560 2341 eiusmodi
586 2303 661 2342 alia
688 2301 964 2342 somniantibus
991 2302 1121 2341 oblata
1142 2303 1313 2354 exigunt.

56 2355 147 2393 Vid.
172 2355 356 2397 Artemid.
376 2355 430 2404 ΙΙ,
452 2370 502 2407 49
517 2386 531 2402 ,
546 2356 621 2402 IV,
643 2370 705 2408 49.
727 2356 791 2400 Sic
809 2356 861 2395 illi
879 2367 1049 2396 veteres:
1076 2368 1181 2395 nuuc
1201 2366 1319 2394 natu-

57 2420 125 2448 rae
147 2408 419 2448 miraculorum
440 2410 549 2463 periti
568 2410 783 2464 dispiciant,
803 2423 852 2448 an
876 2411 998 2449 maior
1021 2409 1193 2449 habenda
1213 2408 1257 2448 fit
1273 2407 1317 2447 fi-

59 2462 125 2501 des
140 2461 260 2501 Plinio
272 2493 283 2508 ,
303 2463 369 2515 qui
384 2464 436 2502 H.
458 2464 508 2502 N.
520 2463 598 2502 VII
609 2495 623 2510 ,
641 2479 681 2517 3,
704 2464 1051 2517 hippocentaurum
1065 2476 1113 2502 ex
1129 2464 1318 2515 Aegypto

58 2515 101 2557 iu
122 2515 234 2556 melle
260 2515 430 2558 Romam
449 2517 604 2558 allatam
632 2519 669 2559 se
688 2517 818 2561 vidiffe
839 2517 1036 2611 affeveraot.
1060 2517 1209 2557 Deinde
1227 2516 1323 2570 poni

1057 2598 1075 2624 2
