1737 3378
391 213 487 271 4oe
594 208 1466 261 ANNoTAT1oNEs

442 301 518 337 ead.
530 298 553 336 l.
571 312 607 348 7.
624 301 670 336 To
686 298 832 352 μεῖζον)
847 300 1017 339 Maiorem
1029 313 1168 352 partem.
1182 301 1322 341 BROD.

443 351 521 390 ibid.
541 349 743 405 Arisseua)
766 353 809 392 ln
825 353 985 393 Graecis
1006 355 1136 394 verbis
1158 368 1307 395 naevus
1324 356 1482 409 quidam
1496 355 1561 397 est.
1573 356 1667 405 Ait,·

389 404 582 457 μειρακίου
596 410 638 444 τὸ
655 404 818 445 τοιοῦτον
830 408 1047 460 &pycta-5001
1062 409 1125 448 καὶ
1138 409 1395 461 ἀγανακτεῖν,
1412 410 1442 449 εἰ
1456 410 1509 461 μὴ
1524 413 1568 450 *rb
1578 411 1666 462 μεῖ-

389 459 454 508 ζον
472 453 588 498 adm
610 456 789 510 λήψεται.
804 459 892 500 Sine
912 462 994 502 ullo
1015 462 1135 502 dubio
1154 460 1328 510 λῆψηται
1349 463 1576 515 legendum3
1593 477 1667 505 nec

390 511 499 551 aliter
512 513 666 553 videtur
679 514 861 564 accepiffe
874 516 1069 567 interpres.
1085 516 1192 555 ltus.
1205 516 1367 556 Diffium
1389 516 1500 570 supra
1515 519 1561 558 ad
1578 523 1666 569 Τιμ.

390 577 425 604 c.
451 579 497 616 19
516 566 561 606 de
577 566 800 608 huiusmodi
819 570 1006 623 exemplis
1024 569 1077 609 sat
1095 569 1158 609 est.
1182 570 1334 610 Frustra
1349 571 1445 611 hanc
1463 571 1668 613 leffionem

388 617 566 660 sollicitat
582 623 645 661 vir
659 622 806 662 doctus.
821 623 980 663 SOLAN.
997 625 1048 663 H.
1069 624 1197 677 Steph.
1216 625 1320 676 App.
1340 626 1387 664 de
1399 625 1452 664 D.
1468 625 1515 664 A.
1535 640 1573 679 p.
1591 637 1664 675 145

390 672 576 714 observat
589 705 600 721 ‚
612 675 773 726 futurum
793 678 967 715 nonnullis
987 679 1085 716 etiam
1107 678 1190 717 locis
1211 679 1398 718 adhibitum
1421 679 1566 718 inveniri
1577 709 1590 725 ‚
1608 679 1666 718 ubi

391 726 429 765 ἱπ
440 729 600 780 praesens
615 731 726 768 itidem
741 761 751 775 ‚
769 742 832 768 aut
840 731 1057 782 praeteritum
1074 731 1251 784 perfeHum
1271 732 1392 782 refhlvi
1399 733 1495 785 poffi
1507 733 1639 772 videtur
1649 748 1668 780 ;

389 782 502 821 cuius
515 782 603 822 usus
617 783 839 836 exemplum
853 785 929 824 hoc
944 785 1110 836 profert:
1127 797 1207 824 tum
1218 816 1229 828 .
1248 786 1380 825 videtur
1393 789 1479 826 enim
1492 786 1522 825 εἰ
1533 784 1668 836 pamb-

389 834 518 885 45⁷2}
536 837 597 889 cst}
614 853 676 890 pro
697 838 728 875 εἰ
752 838 806 888 μὴ
828 838 1034 889 λαμβάνει,
1055 839 1112 876 vel
1130 839 1316 888 λαμβάνοι
1331 841 1368 879 in
1386 840 1501 892 praes.
1517 852 1586 893 opt.
1602 852 1668 879 aut

389 890 492 928 etiam
500 904 564 941 pro
575 891 604 930 εἰ
615 890 668 940 μὴ
682 890 818 938 εἴληφε·
829 908 897 931 non
908 893 992 931 enim
1006 893 1155 945 loquitur
1164 895 1203 931 de
1214 908 1263 939 eo,
1277 897 1369 945 quod
1375 906 1568 933 eventurum
1579 906 1668 941 erat,

386 942 454 994 fid
461 945 499 981 de
511 959 562 992 eo,
574 945 741 996 quodiam
751 958 922 984 evenerat.-
943 946 982 985 &
996 946 1067 985 alia
1079 946 1188 999 plura
1205 959 1394 1000 perquam
1409 946 1610 993 subtiliter,
1624 959 1669 988 ut

390 1010 529 1049 parum
546 997 654 1044 absit,
671 999 764 1051 quin
777 1000 922 1039 nodum
939 1001 977 1038 in
995 998 1121 1052 scirpo
1136 1012 1323 1052 quaerere
1340 1002 1527 1040 videatur.
1540 1001 1668 1041 Modo

390 1050 526 1102 reliqui
541 1053 737 1105 vulgatam
749 1052 969 1098 leffionem,
982 1054 1161 1106 quamvis
1174 1054 1373 1109 aliquanto
1386 1056 1508 1107 magis
1521 1055 1672 1108 placeat

392 1099 516 1144 ἦλίκον
528 1105 621 1145 ἐστι’·
633 1119 721 1145 nam
739 1103 834 1145 αὐτὶ
847 1108 964 1147 nolim
977 1119 1167 1147 mutatum
1183 1108 1222 1146 in
1237 1110 1286 1147 αὐ
1297 1108 1354 1147 τό·
1366 1107 1426 1148 sed
1439 1109 1594 1148 videtur
1603 1109 1669 1148 ad-

390 1157 468 1198 huc
479 1158 589 1199 locus
602 1160 665 1199 ille
679 1160 881 1200 meliorum
895 1161 1087 1201 Codicum
1104 1161 1249 1201 auxilio
1263 1163 1442 1214 indigere.
1465 1163 1628 1202 HEMST.

447 1215 525 1252 ead.
540 1214 563 1252 l.
581 1213 616 1253 8.
633 1216 906 1268 Συμποτικέις)
924 1217 1023 1255 Hinc
1035 1227 1185 1255 veteres
1197 1216 1287 1255 illud
1300 1215 1550 1269 usurpabant,
1561 1215 1672 1267 μισ-ὧ

388 1266 567 1317 μνάμονα
581 1268 798 1317 συμπόταν.
813 1269 858 1308 de
873 1283 957 1322 quo
971 1270 1060 1309 vide
1074 1284 1199 1319 συμπ.
1213 1283 1246 1309 c.
1265 1285 1298 1322 3.
1312 1270 1470 1310 somn.

448 1324 522 1359 ead.
542 1323 565 1360 l.
585 1336 622 1373 9.
634 1322 990 1377 Ἀπομνιιμονεὺειν)
1007 1323 1112 1364 Mac&
1125 1326 1302 1375 μνάμονα
1319 1326 1538 1376 συμπόταν.
1552 1323 1606 1364 Id.
1628 1324 1669 1364 in

394 1373 545 1426 Lapith.
560 1376 736 1415 BOURD.

450 1431 524 1468 ead.
540 1429 564 1467 l.
584 1443 642 1469 12.
654 1425 784 1470 ’Ἐωλόν
796 1445 879 1470 τινα
889 1430 974 1483 μν.)
991 1431 1042 1470 H.
1055 1431 1185 1484 Steph.
1201 1429 1318 1470 Thes.
1331 1431 1382 1470 T.
1396 1429 1472 1480 ΠΙ,
1490 1445 1527 1484 p.
1547 1444 1562 1470 1
1572 1445 1647 1485 239
1657 1461 1673 1478 ,

392 1481 435 1520 in
459 1482 631 1532 Ταμιεύω
650 1483 753 1524 hunc
775 1484 906 1525 locum
928 1484 1128 1539 proferens
1146 1484 1270 1525 scribit
1289 1484 1460 1538 ἔγχολόν
1477 1499 1566 1525 τινα
1581 1484 1671 1536 μνίι·

391 1550 481 1586 μην,
493 1537 593 1576 vitio
614 1539 849 1585 memoriae,
865 1552 913 1578 an
929 1540 1036 1591 quod
1059 1540 1110 1578 ita
1130 1539 1398 1591 reponendum
1421 1540 1576 1592 putarit.
1599 1537 1674 1579 Sed

393 1589 490 1629 nihil
513 1590 590 1637 est,
615 1604 684 1631 cur
708 1604 900 1645 receptam
927 1593 1132 1633 lefflonem
1155 1593 1248 1633 loco
1270 1605 1519 1632 moveamus:
1549 1592 1675 1646 ἔγχο-

394 1655 479 1690 λος,
491 1658 730 1698 quamquam
745 1645 871 1686 forma
884 1660 963 1686 non
977 1646 1161 1700 discrepet
1176 1648 1223 1686 ab
1235 1647 1284 1698 ἔγ
1291 1661 1413 1693 novoe,
1427 1646 1675 1694 aufioritate,

396 1709 586 1751 quantum
600 1701 774 1747 memini,
791 1712 906 1740 caret.
919 1701 1078 1754 Saepius
1092 1713 1219 1741 autem
1234 1702 1285 1740 H.
1299 1700 1496 1754 Stephano
1509 1701 1675 1754 contigit

395 1752 436 1791 in
449 1765 500 1792 eo
513 1753 660 1793 Lexico
671 1784 682 1801 ,
703 1755 812 1807 quod
828 1755 967 1794 collata
980 1755 1145 1809 plurium
1160 1768 1279 1808 opera
1293 1754 1515 1808 congestum
1531 1754 1616 1801 fuit,
1630 1766 1675 1795 ut

397 1818 579 1847 veterum
600 1807 830 1859 scriptorum
851 1809 939 1849 loca
958 1809 1074 1863 longe
1092 1810 1203 1848 aliter
1223 1808 1378 1855 afferat,
1394 1823 1510 1862 quam
1530 1809 1570 1848 in
1586 1809 1671 1849 edd.

395 1860 594 1913 legantur,
616 1863 720 1902 nulla
743 1873 871 1902 tamen
899 1865 1028 1904 variae
1050 1864 1227 1904 leffionis
1250 1863 1313 1903 vel
1338 1864 1537 1903 mentione
1555 1862 1677 1910 faeta,

397 1915 464 1955 vel
478 1916 622 1955 reddita
636 1919 799 1956 ratione.
816 1918 980 1957 HEMST.

454 1973 529 2009 ead.
544 1972 567 2010 l.
586 1971 643 2009 16.
661 1972 969 2024 Διασιλλαίνειν)
986 1972 1047 2012 Sic
1058 1971 1097 2011 P.
1113 1971 1153 2010 &
1167 1971 1225 2010 ed.
1243 1971 1272 2010 I.
1290 1970 1336 2009 In
1353 1970 1510 2024 reliquis
1521 1970 1676 2010 σιλλαί-

398 2037 479 2063 νειν.
494 2024 704 2075 Reperitur
719 2025 856 2064 iterum
874 2025 968 2065 haec
989 2039 1072 2065 vox
1092 2027 1128 2064 in
1153 2024 1237 2075 Λεξ.
1255 2038 1289 2064 c.
1314 2039 1384 2072 24,
1401 2025 1440 2064 δι
1456 2025 1506 2064 ibi
1520 2025 1676 2077 quidem

398 2077 438 2116 in
451 2079 632 2117 omnibus
644 2078 746 2117 libris
759 2079 993 2132 composita,
1014 2091 1058 2119 ut
1074 2079 1134 2118 hic
1147 2080 1183 2117 in
1198 2080 1228 2117 I.
1242 2079 1280 2118 &
1297 2078 1333 2117 Ρ.
1348 2079 1497 2131 legitur.
1514 2078 1676 2118 Enarrat

401 2143 532 2171 autem
556 2132 742 2172 Aelianus
757 2134 852 2173 Var.
871 2134 922 2172 H.
944 2133 1017 2180 ΙΙΙ,
1037 2147 1109 2181 40,
1136 2134 1226 2172 dum
1250 2133 1426 2173 Σιληνοὺς
1447 2132 1534 2172 vult
1553 2133 1676 2174 dietos

401 2183 482 2223 ἀπὸ
502 2183 568 2224 τοῦ
581 2188 794 2226 σιλλαίνειν.
807 2187 966 2227 SOLAN.
982 2187 1193 2227 Σιλλαίνειν
1209 2187 1374 2226 verbum
1388 2187 1676 2239 ποιητικώτερον

399 2239 455 2279 est
468 2239 616 2280 Polluci
631 2240 686 2280 IX
698 2270 708 2286 ‚
734 2240 818 2289 148.
833 2242 900 2281 ubi
920 2242 1027 2288 vide,
1045 2254 1144 2294 quae
1159 2241 1341 2280 diximus:
1363 2238 1518 2279 σιλλοῦν
1530 2241 1572 2281 &
1585 2239 1677 2280 ‹5⁴1oe-

399 2292 550 2334 σιλλοῦν
562 2295 729 2347 adiungit
742 2294 898 2336 Pollux:
919 2295 1107 2349 posterius
1117 2297 1155 2334 in
1168 2295 1301 2334 Dione
1313 2293 1412 2334 Cass‘.
1427 2308 1462 2347 p.
1475 2293 1548 2346 875
1562 2294 1605 2334 B.
1617 2293 1678 2334 ὅτι

401 2347 470 2386 καὶ
486 2348 587 2388 ακων
607 2347 849 2389 ὃιασιλῶσαί
866 2364 907 2389 τι
929 2345 1043 2390 αὐτὸν
1058 2348 1284 2389 σκωπτόλης
1305 2347 1350 2386 ὢν
1364 2346 1676 2402 προήχθη-ὴεὼεῑ

401 2400 576 2453 Hesych.
595 2403 633 2441 in
646 2416 685 2442 v.
702 2403 744 2442 δι
765 2403 1042 2443 διασιλλαίνειν
1058 2404 1095 2442 in
1113 2401 1337 2451 Διολουφεΐν.
1359 2401 1679 2444 Κατασιλλαίνειιι
1710 2429 1714 2433 -

403 2455 596 2508 Hippocr.
617 2457 656 2495 in
673 2462 867 2510 Παραγγ.
887 2471 923 2510 p.
947 2472 1012 2506 27,
1026 2472 1066 2496 v.
1089 2469 1153 2505 4¹·
1174 2456 1347 2510 Apparet
1361 2467 1489 2495 autem
1513 2455 1679 2501 nihssreff

403 2506 503 2552 ferre
513 2540 527 2560 ,
543 2520 676 2553 utrum
690 2511 900 2555 σιλλαίνειν
915 2511 1019 2566 legas
1029 2541 1043 2561 ,
1066 2524 1114 2552 an
1127 2510 1418 2555 Σισισιλλαινειν.
1432 2510 1598 2552 ΗεΜετ.
