1737 3378
414 227 504 275 3η
615 207 1476 256 ANNOTATIONES

412 305 529 333 tatem
543 292 822 344 interpreteris,
846 306 913 346 per
932 305 1049 346 quam
1065 293 1205 334 licuiss'e
1218 293 1285 333 fibi
1299 292 1487 334 censuerit
1501 298 1549 343 T,
1562 306 1607 334 ut
1621 293 1686 334 vi-

413 347 524 391 cinae
540 345 860 400 amiciffimaeque
879 347 1010 386 literae
1027 352 1058 385 Σ
1078 360 1138 386 res
1152 348 1327 401 proprias
1347 360 1397 387 ex
1415 349 1537 386 veteri
1558 348 1684 394 dicio,

413 399 551 439 Πάντα
565 401 684 449 φίλων
702 403 805 439 κοινὰ.
821 430 832 446 ,
851 414 924 454 pro
940 399 1014 440 suis
1026 399 1248 453 usurparet:
1274 400 1365 440 huic
1377 410 1506 440 autem
1518 400 1686 454 potesta-
1731 407 1734 415 ’

415 453 465 500 ti,
488 454 606 492 modo
631 453 853 506 cuiusquam
877 454 1067 493 calculum
1094 453 1214 501 ferat,
1233 464 1345 494 extra
1369 455 1529 507 primam
1552 455 1687 495 conie-
1720 505 1725 511 ἱ

412 505 563 546 &uram
578 507 690 548 locus
711 507 783 547 esse
798 521 876 548 non
892 506 1024 561 potest.
1041 508 1203 546 Htmsr.

466 563 539 599 ead⁴
555 563 580 599 l.
603 575 660 615 ¹3·
676 561 824 615 Λέγειν)
848 561 957 601 Pater
982 560 1170 613 adscripsit
1191 560 1322 613 λέγον.
1345 561 1492 602 GRON.

467 618 541 653 ead.
557 616 578 653 l.
602 629 658 664 ¹4-
677 614 869 655 Συνήθειαν
889 614 1007 667 ᾤμην)
1033 614 1182 654 Desunt
1205 616 1244 654 in
1268 613 1336 653 Ms.
1358 615 1534 654 BOURD.

468 669 504 706 in
524 669 639 708 Schol.
662 670 723 708 col.
747 684 781 708 2.
807 670 830 706 l.
857 683 889 707 i.
911 668 1238 721 Κατατολμήσαι)
1266 669 1382 707 Levis
1406 669 1566 708 menda:
1599 667 1684 721 lege

414 720 734 772 κατατολμήσας,
750 721 1002 773 Lysimachus
1017 721 1166 762 scilicet.
1176 722 1283 762 IENs.
1301 722 1357 762 Ita
1369 721 1605 762 restituerant
1616 721 1687 762 So-

413 775 546 824 lanus,
570 777 609 815 δε
627 777 765 815 Matth.
780 776 923 815 Sladus.
938 777 1102 815 HEMST.

469 831 562 880 Pag.
579 829 642 869 66.
663 831 687 868 l.
715 845 750 868 2.
771 830 890 868 Ταυτὶ
915 829 1064 882 λέγειν)
1085 829 1171 869 Post
1192 830 1318 884 λέγειν
1341 830 1379 870 in
1400 828 1471 870 Ms.
1497 827 1686 871 συνήθειαν

415 882 517 932 ᾤμην
535 885 578 922 τὸ
601 881 781 936 πρᾶγμα.
803 884 978 924 BOURD.

470 938 542 975 ead.
569 937 593 975 l.
617 938 653 976 6.
673 937 939 984 Βασίλιτταν)
965 936 1085 989 Quae
1109 946 1197 976 ante
1227 947 1606 983 commemorantur,
1629 934 1683 976 sic

412 988 502 1029 satis
520 989 736 1042 praesertim
753 991 852 1042 apud
866 990 1053 1031 Comicos
1069 991 1109 1030 δι
1123 990 1314 1049 Sophistas
1328 989 1413 1030 sunt
1418 990 1679 1083 1pervulgata:

414 1044 650 1090 βασίλιτταν
671 1045 739 1096 qui
764 1045 900 1084 dixerit
921 1057 969 1083 ex
990 1045 1060 1085 iis.
1081 1045 1146 1096 qui
1173 1043 1398 1098 supersunt,
1434 1044 1687 1097 criptoribus,

413 1097 576 1136 necdum
599 1099 751 1150 reperi,
772 1098 839 1138 nisi
863 1097 964 1138 forte
992 1098 1237 1138 librariorum
1260 1098 1357 1137 vitio
1380 1097 1518 1137 alicubi
1545 1096 1684 1137 obscu-

412 1162 542 1201 ratum
557 1151 693 1199 lateat3
712 1165 831 1204 quare
855 1164 1038 1204 tanquam
1063 1151 1320 1204 graviffimum
1345 1152 1474 1191 literae
1493 1155 1521 1189 T
1537 1151 1686 1190 facinus

415 1206 635 1258 exagitatur
647 1237 656 1248 ,
673 1219 755 1258 quo
769 1218 1021 1259 prorumpere
1034 1218 1112 1244 non
1129 1207 1312 1260 potuerit,
1326 1204 1392 1244 nisi
1411 1205 1558 1258 pudore
1573 1204 1683 1244 omni

413 1258 585 1298 excuss'o.
610 1259 673 1298 Sic
700 1271 829 1299 autem
852 1260 1138 1299 existimandum
1164 1259 1242 1305 est,
1266 1258 1566 1311 Lysimachum,
1592 1271 1682 1298 cum

415 1311 493 1351 hoc
520 1313 616 1351 inter
636 1314 706 1353 alia
727 1314 873 1366 primus
893 1314 930 1352 in
958 1313 1087 1353 Attica
1108 1313 1216 1353 scena
1241 1312 1438 1358 novaffet,
1462 1313 1602 1352 horum
1627 1313 1687 1351 in-

415 1366 673 1418 dignationem
689 1398 699 1411 ,
720 1366 837 1406 risum
856 1367 1018 1406 aliorum
1034 1365 1297 1406 commoviffe.
1315 1368 1464 1406 Verum
1479 1365 1532 1406 est
1546 1378 1682 1420 porro,

413 1421 520 1471 quod
535 1421 643 1460 initio
657 1421 823 1460 diximus
837 1421 882 1460 de
895 1419 965 1460 usu
978 1421 1138 1473 duplicis
1150 1435 1173 1458 τ
1187 1433 1209 1458 a
1223 1420 1384 1460 Boeotis
1396 1431 1567 1474 recepto:
1585 1419 1686 1460 Stra-

414 1472 468 1511 bo
491 1473 573 1520 IX,
597 1487 682 1526 pag.
700 1475 776 1527 619
792 1474 843 1513 A.
863 1487 952 1513 cum
973 1473 1171 1526 Mycaleffi
1186 1474 1425 1527 Tanagricae
1440 1473 1685 1521 meminisset,

415 1539 576 1567 monere
590 1541 668 1567 non
685 1527 936 1579 praetermisit
948 1558 959 1574 ‚
979 1528 1139 1568 καλοῦσι
1150 1528 1194 1567 δὲ
1207 1527 1404 1567 Bouaria&
1419 1526 1684 1567 Mvmmwtbv·

413 1582 520 1632 quod
536 1582 737 1634 repetitum
755 1582 802 1620 ab
824 1581 995 1621 Eustath.
1011 1582 1056 1621 ad
1073 1582 1114 1620 Il.
1138 1587 1182 1630 Β,
1202 1596 1237 1635 p.
1265 1582 1354 1622 266.
1373 1582 1679 1622 Tarentinorum

414 1646 522 1674 erant
535 1668 544 1684 ‚
566 1647 683 1688 atque
704 1636 801 1675 adeo
817 1635 989 1675 Aeolum
1012 1635 1138 1686 ἀνάξω
1156 1649 1230 1689 pro
1251 1635 1424 1681 ἀνάσσω,
1445 1634 1582 1687 πλαζω
1603 1648 1680 1689 pro

413 1688 596 1728 πλάσσω·
620 1700 756 1730 contra
774 1703 873 1742 quae
895 1690 943 1728 ab
970 1689 1052 1729 aliis
1071 1689 1328 1730 efferebantur
1350 1703 1417 1743 per
1431 1691 1466 1738 ζ,
1489 1687 1545 1728 isti
1558 1700 1684 1729 muta·

414 1742 506 1794 bant
521 1746 559 1782 in
577 1758 636 1783 σσ·
652 1744 776 1783 veluti
787 1744 905 1794 μύζω,
921 1743 1065 1794 μὺσσω·
1087 1744 1276 1794 σαλπιξω,
1296 1744 1511 1783 ‹famiam-
1537 1743 1679 1795 φράζω,

412 1797 589 1849 φρασσω·
602 1799 641 1836 in
656 1798 714 1837 his
727 1798 839 1838 etiam
848 1798 989 1837 Boeoti
1002 1797 1144 1850 duplex
1153 1812 1176 1836 τ
1185 1797 1449 1842 subiiciebant,
1460 1797 1682 1844 σαλπίττω,

410 1853 583 1901 φράττως
601 1852 677 1892 hoc
691 1852 844 1904 quidem
861 1864 910 1891 eo
924 1850 1167 1898 insolentius,
1188 1852 1295 1904 quod
1316 1851 1406 1891 alias
1427 1849 1573 1890 diversa
1595 1850 1682 1891 lon-

410 1917 461 1956 ge
476 1905 661 1956 potestate
676 1906 835 1957 φρέισσω
852 1905 915 1945 vel
928 1908 1086 1956 φραττω
1101 1919 1122 1945 a
1134 1905 1293 1946 Graecis
1307 1904 1572 1958 usurparetur:
1595 1903 1683 1945 ideo

410 1957 631 1999 Heraclides
644 1991 654 2006 ‚
671 1961 781 2000 cuius
793 1960 976 1999 eximium
990 1959 1120 1999 locum
1139 1960 1314 1999 invenies
1331 1959 1432 2012 apud
1449 1958 1618 1998 Eustath.
1633 1959 1680 1999 ad

411 2010 488 2050 Od.
510 2017 560 2061 K,
581 2027 617 2065 p.
646 2015 745 2065 1654
759 2044 772 2059 ,
794 2013 959 2052 verbum
981 2013 1070 2053 illud
1093 2013 1288 2053 Corinnae
1308 2013 1535 2053 auctoritate
1553 2013 1680 2052 muni-

410 2077 453 2104 re
467 2067 608 2106 voluit.
625 2068 716 2106 Hoc
736 2066 918 2106 scribendi
939 2079 1058 2119 genus
1077 2067 1232 2119 antiqua
1257 2066 1438 2106 dialectus
1453 2067 1678 2107 Atticorum

370 2140 374 2143 ⁴
409 2119 565 2172 prorsus
590 2119 663 2159 fuit
681 2120 901 2174 aspernata,
924 2122 1093 2160 maxima
1117 2120 1244 2160 saltem
1266 2134 1312 2160 ex
1359 2132 1462 2167 arte,
1483 2119 1579 2160 sicut
1605 2121 1678 2160 ob-

409 2171 607 2213 servatum
621 2187 780 2228 quoque
801 2175 895 2214 viris
914 2174 1166 2214 eruditissimis
1179 2173 1209 2213 Ι.
1222 2177 1304 2214 Wa
1335 2187 1357 2214 e
1371 2175 1417 2214 ad
1432 2174 1613 2225 Thucyd.
1630 2174 1678 2221 Ι,

409 2240 447 2279 p.
474 2229 545 2274 16,
569 2241 606 2266 n.
624 2243 665 2278 7,
683 2227 729 2268 C.
752 2229 802 2267 A.
827 2228 997 2268 Dukero
1013 2219 1057 2281 p.'
1071 2228 1117 2280 83
1138 2258 1150 2275 ‚
1168 2241 1206 2267 n.
1229 2242 1294 2280 49.
1316 2241 1444 2274 nova,
1465 2241 1580 2281 quam
1602 2240 1678 2268 vo·

408 2292 515 2327 cant,
527 2281 750 2321 anaoribns
763 2281 932 2322 Comicis
946 2283 1123 2335 cupidius
1136 2281 1318 2330 adscivit;
1339 2293 1465 2334 neque
1480 2293 1607 2321 tamen
1620 2282 1676 2322 ita

408 2335 627 2386 promiscue
649 2336 834 2389 nulloque
847 2335 1084 2381 discrimine,
1103 2348 1146 2375 ut
1165 2349 1245 2375 non
1269 2335 1433 2375 multum
1458 2335 1499 2374 &
1520 2335 1672 2377 aurium

407 2388 548 2429 iudicio
561 2421 571 2437 ‚
593 2390 634 2428 &
655 2402 815 2430 normae
831 2390 1018 2443 loquendi
1039 2390 1281 2429 tribueretur.
1312 2389 1423 2440 Quid
1447 2387 1673 2429 familiarius

406 2455 522 2494 quam
539 2443 666 2483 θῆττα
679 2474 693 2490 ,
716 2445 877 2496 Θρᾶττα
897 2443 1103 2496 (Ἀθηναῖοι
1122 2443 1166 2482 δὲ
1183 2441 1341 2495 Θρᾶἱττα
1361 2444 1519 2496 λέγουσι
1533 2472 1547 2488 ,
1571 2442 1671 2499 Ety-

407 2497 501 2538 mol.
525 2511 560 2554 p.
587 2512 686 2552 454,
708 2512 747 2539 v.
776 2497 870 2552 24.)
897 2497 937 2539 &
958 2496 1177 2540 huiusmodi
1197 2497 1419 2541 innumera:
1441 2505 1481 2538 at
1502 2508 1619 2546 raro,
1638 2495 1670 2541 si
