1737 3378
385 175 473 224 168
583 166 1443 217 ANNOTATIONES

384 274 446 298 22.
477 255 513 294 id
537 255 636 294 enim
670 254 803 294 aetatis
833 253 962 293 studiis
988 253 1205 294 liberalibus
1229 253 1418 294 vacabant
1446 252 1574 307 pueri,
1599 263 1643 294 ut
1685 254 1692 300 J:

382 309 537 360 intelligi
566 306 690 361 potest
712 321 761 346 ex
789 307 831 346 L.
858 321 902 346 21
921 337 933 354 ‚
956 307 972 356 §
1010 321 1025 360 5
1056 307 1109 347 D.
1134 307 1180 348 de
1207 306 1310 346 Anu.
1331 307 1420 359 Leg.
1442 308 1482 346 δι
1506 307 1645 347 Fideic.
1690 307 1692 310 ’

383 362 567 401 Ceterum
588 361 686 399 verti
706 370 858 414 poterat
879 361 1026 400 initium
1052 360 1166 400 huius
1188 360 1323 408 libelli,
1372 360 1452 400 uod
1476 373 1537 400 me
1557 373 1641 400 mo-

384 415 467 453 nuit
489 415 604 453 etiam
628 414 688 452 vir
707 414 929 454 eruditionis
946 413 1235 466 elegantiffimae
1256 414 1311 454 lo.
1334 414 1363 452 Ν
1380 413 1472 453 atth.
1495 412 1641 454 Gesne-

384 480 475 513 rus,
495 467 611 520 paulo
638 468 773 508 melius
795 467 898 507 hunc
922 468 959 507 in
981 468 1161 508 modum:
1195 470 1344 507 Tantum
1371 469 1464 520 quod
1484 470 1640 518 desieram

386 521 503 560 lunum
521 521 702 561 literarium
721 520 931 573 frequentare
955 522 1127 574 pubertati
1149 523 1215 560 iam
1232 522 1427 574 proximus,
1446 536 1521 560 cum
1540 533 1642 572 pater

383 574 586 613 deliberabat
611 591 685 614 cum
710 575 827 613 amicis
839 605 853 622 ,
871 576 954 627 quid
970 591 1019 615 me
1041 577 1172 614 tandem
1189 577 1337 614 doceret:
1361 574 1427 613 ubi
1448 576 1559 613 docere
1575 572 1640 613 su-

383 628 562 667 mendum
587 628 639 667 est
665 641 709 667 ea
734 628 918 680 potestate
933 660 943 675 ,
967 641 1043 681 qua
1067 628 1269 681 respondet
1289 627 1444 669 Graeco
1468 625 1641 679 διδάξαι-

385 686 493 721 σὲαι·
524 682 630 721 vellit
655 682 695 720 L.
723 696 766 720 12
790 681 841 720 D.
862 683 907 721 de
930 683 1018 734 Leg.
1043 681 1083 721 &
1101 682 1237 722 Fidele.
1267 694 1304 721 ut
1329 698 1401 721 eum
1423 681 1515 720 heres
1534 681 1644 733 arufi-

385 735 473 774 cium
497 737 637 780 doceat,
658 738 744 774 unde
764 734 804 787 ft·
829 736 910 774 tueri
923 737 1023 788 poffi't
1035 751 1052 783 ,·
1072 735 1114 774 &
1134 748 1227 775 mox
1239 737 1403 789 :statuet,
1425 738 1518 788 quod
1533 734 1644 786 potis·

374 791 499 841 fimum
528 789 708 839 artificium
734 789 824 826 heres
847 790 957 828 docere
981 805 1052 828 eum
1070 790 1240 840 sumtibus
1255 789 1334 841 suis
1355 791 1478 831 debeat.
1502 789 1642 841 Neque

387 842 494 881 aliter
514 843 553 880 in
579 842 767 894 principio
781 842 886 881 vitae
904 839 1077 881 Terentii
1099 842 1296 882 Donatus:
1321 845 1360 882 A
1382 858 1466 895 quo,
1487 844 1528 882 ob
1547 841 1643 895 inge-

386 896 478 935 nium
503 896 537 933 δ’
560 895 734 946 firmam,
759 911 825 934 non
849 895 1015 949 institutus
1036 898 1134 935 modo
1153 897 1348 944 liberaliter,
1371 896 1438 948 sed
1459 896 1493 934 δ’
1513 908 1643 935 mature

385 949 607 1000 martumffcs
628 952 680 998 est.
707 948 869 988 HEMST.

438 1016 511 1040 ma.
532 1004 553 1042 l.
575 1016 611 1055 9.
631 998 766 1052 Τυχυς
789 1002 811 1042 ἆ
819 1003 945 1042 sio-3021
970 1001 1026 1055 λ.)
1045 1001 1119 1042 Iac.
1142 1003 1349 1054 Micyllus,
1375 1002 1557 1055 interpres
1572 1001 1644 1042 hu-

385 1055 443 1095 ius
470 1057 637 1102 λαλιὰς,
662 1055 828 1095 aueloris
853 1066 1020 1095 mentem
1043 1055 1248 1108 saepiffime
1268 1055 1490 1096 frustratur:
1510 1056 1545 1094 6·
1568 1069 1645 1108 ege-

385 1126 417 1148 re
438 1125 583 1162 quov'am
608 1109 770 1160 sommae
793 1110 977 1163 splendore.
1010 1110 1071 1150 Sic
1095 1111 1139 1149 de
1167 1111 1286 1150 Merc.
1313 1109 1438 1150 Cond.
1467 1109 1644 1149 BOURD.

384 1162 544 1204 Ariston
575 1163 653 1202 Pol.
678 1164 755 1212 IV,
779 1176 809 1203 c.
851 1178 890 1202 11
911 1195 922 1212 ‚
949 1166 1038 1214 πρὶς
1062 1163 1268 1211 methim,
1301 1163 1323 1203 ιῖ
1344 1163 1490 1215 φύσεως
1514 1162 1644 1203 δεῖται

384 1217 447 1256 καὶ
473 1231 665 1270 χορηγιας
688 1216 869 1271 τυχηροῖς·
891 1230 1015 1270 neque
1033 1217 1262 1270 ineleganter
1277 1217 1462 1257 Artemid.
1477 1217 1553 1264 IV,
1569 1217 1644 1271 69,

384 1270 526 1316 ἐφὸὸιον
548 1270 732 1310 transm<
754 1275 768 1308 ὁ
795 1269 968 1310 πλοῦτος.
994 1275 1176 1323 Λαμτρὲιν
1199 1271 1324 1322 τύχην
1349 1284 1429 1310 non
1452 1271 1558 1310 aliter
1579 1271 1642 1310 hle

385 1324 578 1376 intellige,
599 1337 715 1377 quam
737 1327 918 1376 λαμπρὰν
943 1320 1067 1364 οὖσιάιν
1088 1325 1187 1377 apud
1210 1325 1485 1378 Alciphronem
1507 1324 1547 1371 1,
1573 1323 1645 1378 38,

384 1391 422 1431 p.
452 1377 521 1416 182
537 1409 545 1421 ‚
568 1391 644 1429 opes
661 1379 856 1430 splendidas
872 1379 907 1416 6³
925 1379 1052 1417 lautas.
1072 1378 1175 1417 Idem
1199 1378 1236 1424 Ι,
1257 1378 1303 1425 8,
1325 1392 1360 1430 p.
1385 1392 1454 1431 30,
1477 1380 1531 1416 τὰ,
1553 1374 1643 1428 ἦμέ-

384 1445 503 1482 repa,
528 1427 575 1469 ὦς
609 1426 748 1477 οἷο-δα,
782 1431 980 1470 παντελῶς
1008 1432 1109 1470 ἐστιν
1138 1431 1286 1483 αι’πορα,
1312 1433 1376 1470 καὶ
1400 1431 1474 1476 βίος
1501 1431 1641 1482 κομιδῇ

385 1485 521 1523 στενός.
543 1485 609 1523 ubi
629 1484 831 1536 Berglerus
851 1485 1086 1524 Lucianeum
1105 1485 1195 1524 illud
1210 1515 1220 1533 ,
1239 1485 1346 1538 quod
1368 1484 1558 1539 sequitur,
1579 1497 1644 1525 an-

383 1547 520 1577 notare
546 1550 626 1576 non
652 1538 830 1591 neglexit.
851 1539 1003 1578 HEMST

439 1592 475 1629 in
495 1592 610 1630 Schol.
631 1593 691 1631 col.
717 1606 748 1631 1.
773 1593 795 1630 l.
817 1606 850 1645 3.
871 1591 1049 1644 Λούκιος)
1068 1591 1113 1631 In
1138 1593 1248 1644 Afino
1271 1591 1408 1632 frustra
1429 1591 1642 1633 Lucianum

384 1658 568 1697 quaeras:
591 1657 691 1698 quae
712 1646 811 1684 enim
834 1645 907 1686 illic
929 1646 974 1685 de
990 1647 1108 1699 patria
1127 1645 1420 1699 parentibusque
1437 1645 1644 1699 Scriptoris

382 1699 607 1745 traduntur,
638 1711 718 1739 non
739 1699 934 1747 Luciam,
960 1699 1021 1740 sed
1051 1700 1174 1741 Lucio
1201 1699 1365 1740 Patrensi
1391 1701 1643 1741 conveniunt.

382 1753 540 1794 SoLAN.

438 1808 519 1845 ibid.
541 1808 603 1846 col.
626 1821 660 1846 2.
686 1808 708 1845 l.
739 1821 770 1858 5.
794 1806 967 1860 Γλὺφων)
990 1807 1159 1862 Respicit
1182 1807 1246 1848 ista
1270 1821 1351 1861 cap.
1378 1823 1396 1862 3
1415 1839 1426 1857 ,
1444 1807 1476 1847 εἰ
1496 1808 1642 1859 φαινοί-

379 1875 453 1911 μην
476 1860 645 1912 γλύφων.
669 1861 830 1900 HEMST.

437 1916 519 1954 ibid.
536 1916 559 1952 l.
579 1914 616 1953 8.
636 1914 692 1953 Εἰς
706 1914 971 1968 ὃιὸέισκιιλον)
991 1915 1079 1968 Leg.
1096 1915 1350 1955 διδασκάλου.
1366 1915 1523 1955 SOLAN.
1548 1916 1642 1956 Hoc

380 1968 537 2020 quidem
561 1968 608 2006 ad
628 1968 796 2008 Atticam
818 1981 992 2008 normam
1010 1970 1240 2022 elegantius:
1262 1968 1323 2008 sed
1344 1970 1384 2008 δε
1407 1969 1569 2009 alterum
1589 1969 1642 2009 εἰς

380 2021 623 2060 διδάσκαλον
645 2023 707 2062 vel
731 2023 782 2062 εἰς
802 2022 1072 2062 &secandum
1089 2023 1248 2073 φοιτξῐν,
1268 2022 1483 2076 praesertim
1507 2035 1643 2063 recen-

378 2075 520 2122 tiores,
545 2074 800 2127 usurparunt‚
828 2075 960 2116 Iulian.
995 2076 1132 2131 Misop.
1157 2092 1192 2130 p.
1222 2090 1292 2130 351
1317 2077 1367 2116 A.
1395 2076 1562 2128 Diogen.
1595 2076 1638 2118 L.

378 2128 459 2175 VI,
481 2132 530 2181 69
551 2128 660 2168 Bam.
684 2131 803 2170 Hom.
830 2133 918 2181 πρὶς
945 2129 1031 2172 τοὺς
1053 2134 1175 2170 Νέσυς·
1199 2136 1460 2183 (quamquam
1486 2130 1536 2169 H.
1555 2130 1639 2170 Ste-

380 2182 509 2237 phano
528 2183 596 2236 Ep.
619 2183 664 2222 ad
677 2183 878 2236 Redinger.
892 2182 1182 2224 Commentario
1201 2185 1246 2224 de
1261 2185 1302 2223 L.
1319 2184 1369 2223 A.
1383 2183 1516 2224 Idiom.
1533 2196 1642 2237 prae-

379 2236 482 2276 mista
497 2267 509 2281 ,
531 2250 596 2289 per
616 2237 896 2289 ignorationem
913 2238 1066 2278 Atticae
1080 2237 1224 2278 dialeeti
1239 2239 1430 2291 genitivus
1448 2237 1643 2277 8103*oech-

376 2301 441 2327 λου
467 2291 503 2328 in
531 2290 788 2331 accusativum
820 2292 1050 2345 depravatus
1076 2291 1181 2331 fuisse
1203 2292 1380 2331 videatur
1405 2291 1505 2344 apud
1534 2290 1640 2330 Bafi·

373 2343 496 2396 lium)
520 2344 665 2383 Thom.
691 2345 747 2384 M.
772 2346 809 2384 in
835 2344 984 2394 Φοιτᾷν·
1008 2346 1261 2398 quamobrem
1281 2345 1459 2398 vulgatae
1486 2343 1639 2384 leEtioni

371 2396 437 2436 sua
460 2397 606 2436 constat
633 2398 865 2439 auetoritas:
891 2400 968 2438 vid.
991 2399 1158 2452 Bergler.
1189 2401 1234 2439 ad
1262 2399 1432 2452 Alciphr.
1456 2411 1541 2452 pag.
1564 2412 1641 2445 20,

371 2465 432 2492 21.
448 2449 646 2496 Hoeschel.
663 2452 709 2492 ad
731 2451 928 2507 Chrysost.
943 2453 1023 2509 περὶ
1039 2454 1110 2507 ‘lega
1131 2466 1218 2509 pag.
1245 2466 1331 2508 500.
1351 2465 1422 2495 nec
1443 2463 1574 2497 tamen
1586 2453 1641 2494 H.
