1737 3378
431 257 515 304 116
732 242 1378 293 LUCIANI

424 341 648 415 ῴὸικότερον
669 338 767 393 εἰναι
786 363 864 391 των
884 362 1061 394 κυκνων,
1083 333 1223 399 ἐπειὸη
1243 339 1434 391 νοσ-οῧντα
1449 361 1585 411 πρωην
1603 334 1687 392 εἰὸἔ

422 442 500 488 με,
522 440 597 469 και
617 415 877 488 προσηλθον
866 420 1099 487 επικουρίας
1118 415 1319 485 δεομενος,
1341 413 1526 479 πληγας
1543 420 1562 466 ὁ
1582 436 1680 480 γεν-

423 497 531 551 ναῖος
551 514 830 580 προσενετεινε.

338 569 397 629 48
499 585 598 621 ΦΙΛ.
617 555 697 619 Ω
714 592 783 627 της
806 571 1128 628 ἀναισχυντίας,
1151 588 1213 616 νυν
1234 566 1419 634 Τίμωνα
1445 568 1679 637 γνωρίζετε,

423 668 486 698 νυν
502 644 754 703 Γναθωνίὸνς
774 649 904 703 φίλος
930 640 1007 692 καὶ
1027 664 1269 710 συμποτηςς
1276 642 1506 738 τοιγαροῦν
1531 642 1680 693 δίκαια

424 717 617 772 πεπονθεν
637 716 746 775 ουτος
771 718 1007 788 αχαριστος
1032 714 1097 768 ἱυν.
1126 719 1242 785 θροεῖς
1264 717 1308 766 σε
1333 722 1367 767 οἱ
1390 716 1541 768 παλαι
1564 715 1682 779 ξυνῆ-

425 800 523 852 θεις,
551 818 628 846 και
654 791 900 855 ξυνέφηβοι,
925 813 1000 842 και
1027 791 1275 859 ὃημοται,
1251 815 1363 859 ομως
1383 792 1678 886 μετριάζομεν,

424 873 479 927 ὡς
497 894 559 939 μη
580 867 787 938 επιπηδᾷν
807 865 1003 935 <lampaia
1024 888 1169 936 χαιρε,
1189 872 1221 916 ὠ
1241 863 1450 921 δέσποτα,
1469 891 1545 918 και
1565 867 1679 924 ὅπως

424 969 516 1002 τους
543 967 714 1015 μιαρους
744 966 905 999 τουτους
937 941 1136 999 κόλακας
1165 942 1368 1007 cumb,
1394 965 1486 998 τους
1512 940 1581 993 ὲπι
1609 965 1680 1002 της

423 1017 627 1091 τραπέζης
651 1019 786 1088 μόνον,
814 1039 872 1069 τα
897 1015 1031 1067 αλλα
1055 1009 1100 1067 δε
1124 1039 1309 1088 κορακων
1333 1008 1441 1068 ουὸεν
1467 1013 1680 1088 διαφέρον-

424 1118 515 1152 τας.
544 1099 619 1146 οὐκ.
646 1093 702 1146 ἔτι
731 1114 963 1144 πιστευτεα
985 1116 1062 1144 των
1088 1116 1149 1144 νυν
1174 1093 1309 1144 ουδενί·
1340 1115 1494 1150 παντες
1516 1115 1680 1165 αχαρι-

424 1194 536 1226 στοι,
567 1193 646 1221 και
674 1174 841 1241 πονηροί
871 1162 961 1232 ἐγω
992 1159 1037 1218 δε
1068 1168 1275 1219 ταλαντόν
1300 1191 1364 1220 σοι
1390 1173 1589 1237 κομίζων,
1623 1169 1679 1227 ὡς

424 1269 536 1309 εχοις
566 1269 666 1317 προς
699 1268 758 1296 τα
784 1248 1099 1308 κατεπείγοντα
1124 1242 1345 1313 agona-Soet,
1375 1247 1470 1295 καθ’
1499 1240 1580 1295 ὁδον
1606 1243 1679 1305 ηδή

422 1327 600 1381 πλησίον
621 1344 801 1381 ηκουσα,
826 1320 878 1377 ὡς
903 1326 1121 1379 πλουτοίης
1147 1318 1406 1390 υπερμεγεθη
1425 1342 1515 1371 τινα
1534 1319 1677 1371 πλοῧ-

422 1420 497 1449 τον.
520 1421 606 1457 ηκω
625 1418 840 1467 τοιγαρουν
862 1418 1006 1446 ταυτα
1029 1417 1077 1447 σε
1101 1394 1349 1455 νουθετησων
1378 1401 1514 1447 καίτοι
1537 1419 1590 1446 συ
1618 1415 1675 1460 γε

419 1552 484 1591 ubi
506 1564 568 1591 me
592 1564 717 1605 nuper
741 1562 1004 1605 aegrotantem
1022 1550 1142 1596 vidit,
1172 1549 1248 1603 (ad
1270 1562 1358 1590 eum
1384 1549 1485 1590 enim
1501 1561 1563 1589 me
1585 1561 1678 1590 con-

416 1612 602 1661 tuleram,
624 1611 714 1651 mihi
730 1622 775 1651 ut
797 1610 1040 1660 subveniret,
1067 1610 1222 1664 orans,)
1248 1611 1376 1664 plagas
1393 1610 1530 1657 etiam,
1549 1607 1679 1649 fiDiis
1703 1620 1708 1624 ·

416 1676 565 1730 placet,
597 1676 723 1716 bonus
746 1676 806 1715 vir
831 1676 921 1715 mihi
941 1675 1112 1727 infligere
1136 1674 1317 1714 sustinuit.

470 1740 563 1778 Phil.
584 1738 624 1779 Ο
643 1739 939 1792 impudentiam!
964 1751 1067 1779 nunc
1080 1739 1286 1779 Timonem
1304 1736 1528 1792 agnoscitis?
1545 1737 1679 1779 Nunc·

415 1799 500 1840 cine
523 1800 791 1840 Gnathonides
813 1800 984 1847 amicus,
1007 1801 1047 1840 δι
1069 1801 1264 1841 conviva?
1288 1800 1426 1840 merito
1447 1799 1586 1852 igitur,
1606 1798 1677 1852 qui
1700 1806 1703 1809 “

414 1863 510 1903 adeo
529 1863 698 1916 ingratus
721 1862 788 1908 fit,
807 1876 830 1902 a
852 1863 1022 1903 Timone
1047 1863 1100 1902 ita
1121 1863 1288 1916 depexus
1307 1860 1590 1916 exornatusque
1609 1861 1676 1903 est.

413 1925 470 1963 At
488 1938 583 1972 nos,
606 1925 673 1977 qui
698 1925 772 1963 iam
793 1925 938 1977 pridem
956 1925 1040 1964 eius
1063 1923 1286 1971 familiares,
1309 1924 1350 1963 δι
1374 1922 1588 1976 synephebi
1613 1921 1675 1962 su-

412 1996 520 2030 mus,
543 1984 589 2022 ad
609 1984 702 2023 haec
727 1983 930 2036 populares
945 2013 955 2031 ,
981 1993 1108 2022 tamen
1133 1983 1350 2023 verecunde
1369 1983 1543 2035 agimus,
1564 1991 1607 2022 ut
1623 1993 1674 2022 ne

410 2044 452 2083 in
477 2046 558 2084 eius
586 2043 824 2096 congressum
857 2043 1069 2097 irrumpere
1097 2045 1307 2085 videamur.
1339 2046 1465 2092 Here,
1494 2043 1600 2084 salve
1610 2057 1623 2092 ;
1649 2040 1691 2083 a'

409 2103 597 2144 sceleratis
629 2103 704 2143 istis
729 2102 1021 2143 assentatoribus
1051 2116 1189 2144 caveto
1203 2136 1215 2151 ,
1240 2106 1309 2158 qui
1331 2105 1378 2144 ad
1401 2103 1567 2144 mensam
1589 2114 1676 2144 tan·

407 2173 490 2204 tum
512 2164 661 2218 praesto
678 2163 785 2204 sunt:
811 2176 980 2205 ceterum
1004 2178 1072 2206 eos
1094 2167 1248 2207 inter&
1269 2179 1417 2207 corvos
1438 2166 1530 2206 nihil
1547 2164 1673 2206 discri-

406 2226 532 2264 minis.
567 2225 728 2266 Nostrae
753 2227 963 2266 memoriae
994 2227 1218 2268 hominibus
1248 2228 1353 2268 nulla
1382 2227 1475 2268 fides
1499 2226 1693 2267 habenda·

403 2285 478 2325 est:
502 2287 637 2339 ingrati
658 2300 794 2327 omnes
820 2286 955 2326 sunt&
970 2287 1133 2341 impuri:
1159 2300 1197 2328 at
1218 2302 1293 2343 ego
1315 2289 1502 2329 talentum
1525 2288 1591 2328 tibi
1615 2287 1672 2328 af-

402 2345 528 2386 ferens
543 2378 554 2395 ,
573 2360 655 2400 quo
668 2348 724 2386 uti
746 2348 792 2387 ad
810 2361 855 2387 ea
870 2379 881 2397 ‚
900 2362 998 2402 quae
1015 2362 1076 2389 res
1095 2350 1302 2404 postularet
1314 2380 1325 2400 ,
1346 2350 1482 2405 poffes,
1503 2351 1541 2390 in
1557 2351 1686 2397 itiner

401 2421 443 2447 re
458 2438 468 2453 ,
492 2421 580 2448 cum
605 2410 678 2448 iam
697 2410 772 2450 huc
798 2411 957 2450 viciniae
974 2411 1250 2464 pervenissem,
1280 2408 1439 2466 accepi,
1460 2412 1498 2451 in
1523 2424 1565 2452 re
1587 2424 1670 2451 am-

400 2470 463 2523 pla
484 2470 524 2510 &
557 2472 655 2511 bene
681 2473 791 2513 aneta
816 2471 916 2512 sorte
938 2472 1011 2513 effe
1034 2484 1082 2514 te.
1109 2474 1241 2514 Venio
1266 2475 1405 2527 igitur,
1429 2473 1542 2522 haec,
1563 2486 1686 2527 quae·

402 2532 476 2571 iam
500 2532 648 2581 audies,
676 2544 880 2587 praecepta
912 2534 1092 2583 daturus3
1127 2534 1193 2575 etsi
1226 2534 1409 2584 fortasse,
1443 2547 1532 2576 cum
1559 2542 1691 2580 tanta,
