1737 3378
243 190 322 236 IN
355 189 717 237 IUDICIUM
750 189 1165 238 VOCALIUM.
1261 208 1349 256 295

85 285 157 331 705
177 276 301 318 ἰᾶτοιι.
327 280 430 319 Hinc
454 291 576 332 paene
604 277 768 319 sumsisse
787 278 918 319 credas
940 278 1067 319 Schol.
1086 277 1284 319 Theocriti
1308 279 1356 318 ad

86 332 166 371 Eid.
188 332 289 380 XII,
310 346 370 384 25.
393 345 631 386 quamquam
648 333 698 371 ibi
722 332 926 383 legendum
945 334 1075 384 potius
1088 334 1262 374 videatur
1277 363 1289 379 ‚
1310 335 1357 385 51⁸0

85 384 152 425 ’τοῦ
172 385 310 438 λόγου,
330 386 345 424 ὃ
370 386 516 438 τρώσας
537 386 706 424 lacem.
729 387 821 424 Huc
841 386 1003 437 pertinet
1028 386 1087 424 illa
1112 400 1133 424 a
1152 386 1355 426 Philostra-

86 448 131 478 to
151 439 315 479 confiRa
331 439 382 478 de
409 439 625 492 Apollonio
645 438 773 477 fabula
793 440 830 476 in
855 440 938 477 eius
955 440 1049 478 Vita
1071 439 1127 477 Vl
1141 470 1151 486 ,
1173 454 1204 479 c.
1226 455 1290 493 43,
1314 440 1355 480 &

78 491 324 545 »sophisticum
345 504 509 531 acumen
536 492 684 531 Aeliani
705 492 750 531 de
769 491 899 530 Anim.
918 491 959 537 Ι,
993 493 1050 540 56.
1075 492 1202 533 Facile
1224 504 1355 533 autem

86 557 242 598 apparet
257 576 268 593 ‚
289 558 369 598 quo
389 545 509 584 Publii
523 545 612 596 Syri
632 544 855 598 spectaverit
869 544 963 585 haec
982 544 1187 585 sententia:
1210 548 1354 587 Amori:

84 600 212 645 vulnus
221 599 332 646 fimat
348 600 431 638 idem
443 629 460 645 ,
479 599 537 652 qui
550 597 655 650 fhcit.
681 599 848 638 HEMST.

197 781 279 825 IN
325 781 729 837 IUDICIUM
777 780 1239 827 vocALmM.

18 912 26 915 χ
137 867 228 920 Pag.
244 868 306 908 61.
321 870 344 907 l.
361 882 391 908 1.
409 876 455 908 Δ.
469 869 534 923 Φ.)
550 868 649 921 Quo
664 880 839 922 tempore
854 868 1035 922 scriptum
1050 870 1126 909 hoc
1140 868 1276 916 fuerit,
1291 870 1350 909 in—

86 932 230 961 certum
246 922 309 961 est.
327 923 366 962 A
385 924 537 963 iuniore
559 922 775 977 profectum
797 923 942 963 incuria
958 924 1112 963 indicat.
1127 923 1207 963 Res
1222 923 1274 964 est
1292 924 1354 963 lu-

85 974 196 1015 dicra,
220 976 378 1016 SoLAN.

137 1031 211 1068 ead.
227 1030 252 1069 l.
268 1045 302 1069 2.
323 1029 403 1069 Ἐπὶ
424 1026 635 1084 ἄρχοντος)
656 1031 943 1083 Argumentum
969 1030 1061 1070 illud
1081 1030 1180 1070 deest
1198 1031 1236 1070 in
1263 1030 1351 1072 Mff.

85 1084 251 1124 auctoris
266 1094 393 1123 tamen
407 1085 634 1124 censendum
651 1084 715 1124 est.
731 1086 903 1124 Eoum).
920 1085 1035 1124 Hanc
1054 1083 1261 1124 formulam
1285 1098 1352 1125 ac·

86 1136 289 1177 cus-ationis
307 1137 435 1177 Schol.
454 1139 507 1178 V.
527 1139 642 1178 etiam
663 1139 764 1183 notis
789 1137 1043 1192 praescripsit,
1064 1138 1157 1177 nihil
1178 1139 1228 1177 ab
1246 1139 1353 1178 editis

85 1189 273 1238 diffidens,
297 1190 366 1230 nifi
387 1191 493 1244 quod
508 1191 667 1238 habeat,
687 1192 774 1238 βίας
793 1192 1048 1244 ὑπαρχόντων
1067 1191 1261 1243 ἁρπαγῆς,
1284 1194 1352 1241 ἀφ-

85 1244 274 1295 αιρεῖσῧαι
300 1245 428 1297 λέγον·
456 1245 620 1298 praestat
650 1245 869 1298 ἀφντρῆσῖὲιιι.
898 1245 970 1285 Sed
1001 1245 1092 1284 iliud
1124 1247 1216 1292 καὶ,
1242 1247 1352 1298 quod

83 1298 226 1337 omittit
253 1298 388 1364 plane,
414 1298 608 1338 transferri
635 1299 758 1351 placet
780 1299 857 1339 hoc
878 1299 1017 1364 pacto,
1035 1299 1119 1344 βίας
1139 1299 1204 1338 καὶ
1229 1298 1353 1352 ὑπαρ-

83 1351 228 1404 χόντων
247 1351 441 1405 αρπιιγῆς.
456 1353 596 1404 Polyb.
618 1352 694 1399 IV,
714 1366 747 1392 c.
775 1367 847 1402 17,
874 1355 1063 1406 αρετοιγὲις
1085 1351 1350 1404 ὑπαρχόντων·

83 1415 199 1457 atque
217 1407 270 1446 ita
288 1406 320 1445 is
337 1407 436 1445 idem
451 1407 492 1445 δι
508 1407 571 1446 alii
585 1405 747 1460 saepius:
768 1406 1074 1461 exspec‘cabimus
1095 1417 1237 1454 autem,
1256 1408 1348 1447 dum

82 1460 171 1511 quis
187 1459 388 1511 producat,
410 1460 492 1505 βίαν
509 1457 770 1513 ὑπαρχόντων.
787 1461 971 1501 Ceterum
989 1461 1034 1500 de
1049 1461 1126 1501 hoe
1139 1460 1350 1501 accusatio-

82 1513 140 1552 nis
158 1513 291 1552 libello
309 1514 401 1553 alibi
420 1514 617 1554 dicendum
636 1514 746 1553 nobis
761 1516 844 1554 erit.
859 1515 1024 1554 HEMsT.

135 1566 216 1605 ibid.
235 1567 480 1620 Ἀριστάρχου
501 1567 627 1620 spem.)
653 1567 960 1608 Alexandrinum
970 1569 1104 1608 ‘civem
1125 1567 1232 1608 fuiffe
1255 1568 1346 1607 Ari-

82 1619 297 1667 starchum,
322 1621 381 1660 sed
400 1622 438 1660 in
453 1620 713 1661 Samothracia
733 1633 868 1661 narum
881 1623 1067 1668 ‚uadunt
1087 1635 1232 1661 onmes.
1248 1622 1345 1661 Pha-

82 1673 227 1713 lereum
246 1674 508 1715 Aristarchum
531 1688 648 1715 nemo
663 1675 786 1716 novit.
799 1676 900 1715 Vide
915 1688 1026 1727 ergo,
1050 1689 1141 1714 num
1157 1676 1348 1715 Lucianus

82 1727 129 1767 de
149 1727 414 1769 Grammatico
433 1729 583 1769 summo
598 1729 769 1775 locutus,
789 1726 1008 1769 Aristarcho
1027 1729 1219 1777 tribuerit,
1238 1731 1347 1782 quod

81 1780 317 1875 genierrio,
356 1783 419 1823 alii
450 1783 582 1823 itidem
611 1783 880 1824 Grammatico
909 1782 1060 1824 summo
1081 1814 1094 1834 ,
1125 1783 1349 1823 debebatur..

110 1846 240 1876 OLAN.
300 1852 306 1857 “

33 1886 36 1888 ’
134 1893 208 1929 ead.
223 1891 247 1929 l.
266 1905 299 1944 3.
318 1889 502 1945 Ἑβὸόμῃ)
516 1891 727 1945 Septimum
748 1891 884 1931 mensis
904 1890 1003 1931 diem
1024 1890 1111 1930 alibi
1135 1890 1248 1930 etiam
1264 1891 1349 1931 No-

82 1940 155 1982 ster
174 1944 247 1984 iuri
270 1945 434 1985 dicundo
454 1946 495 1984 in
517 1944 700 1986 eiusmodi
720 1946 873 1985 ludicris
891 1945 1011 1986 caufis
1035 1944 1213 1997 affignat3
1234 1958 1278 1984 ut
1304 1947 1345 1984 in

84 1995 163 2037 ἒικ.
183 2011 216 2038 c.
243 2012 304 2038 12.
319 1999 396 2038 ἑκκ.
413 2012 447 2040 c.
466 2013 525 2049 14.
538 2000 647 2053 quod
660 2000 747 2039 ideo
763 1999 976 2040 faffltatum
989 1999 1037 2038 ab
1057 2011 1107 2038 eo
1121 2009 1236 2051 puto,
1254 2000 1351 2050 quia*

82 2049 150 2090 illo
166 2051 225 2091 die
239 2053 369 2103 pueris
386 2053 538 2093 ludendi
554 2054 669 2106 copia
688 2052 817 2094 fiebat.
831 2055 884 2095 V.
903 2054 1038 2107 ἀποφρ.
1062 2065 1146 2107 cap.
1174 2052 1233 2092 16.
1254 2053 1344 2092 Erat

83 2115 212 2145 autem
226 2105 400 2159 Apollini
414 2105 532 2147 sacer.
541 2107 699 2147 SOLAN.

137 2161 209 2198 ead.
224 2159 248 2198 l.
264 2175 300 2208 4.
320 2162 405 2200 Βίοις
425 2159 670 2214 ὑπαρχόντων
687 2159 753 2201 καὶ
774 2160 978 2215 ἁρπαγῆς)
999 2160 1094 2200 Non
1115 2160 1228 2212 capio
1252 2173 1344 2200 acu-

82 2225 170 2252 men
189 2213 406 2261 Benedi&i‚
425 2214 493 2267 qui
514 2214 581 2254 has
600 2227 721 2255 voces
741 2214 869 2267 alligat
892 2215 1067 2268 proxime
1088 2213 1345 2253 antecedenti-

82 2266 178 2314 bus,
194 2267 389 2320 vertitque
400 2299 413 2314 ,
431 2271 528 2321 apud
538 2268 663 2319 septem
681 2269 815 2307 vocales
829 2268 954 2307 iudices
972 2269 1008 2305 vi
1029 2268 1064 2306 δ’
1084 2267 1195 2320 raptui
1209 2267 1343 2317 praefe-

83 2325 172 2367 εἴας,
187 2333 267 2360 non
282 2320 388 2361 secus
403 2335 446 2361 a:
464 2322 626 2361 Athenis
644 2335 805 2374 quoque
823 2322 918 2361 certi
930 2321 1074 2362 iudices
1094 2321 1207 2360 certis
1220 2320 1344 2359 afflo-

82 2375 195 2414 nibus
215 2374 486 2428 praefuiffent‚
506 2386 550 2415 ut
572 2376 726 2415 Romae
747 2376 988 2428 praetoribus
1005 2386 1131 2415 certae
1144 2373 1277 2413 causae
1291 2385 1347 2412 at-

80 2428 355 2468 tribuebantur.
372 2430 432 2469 Ne
446 2429 566 2468 dicam
586 2428 787 2469 ridiculum
803 2428 890 2477 effe,
905 2430 972 2468 has
991 2428 1149 2468 vocales
1170 2427 1226 2466 isti
1246 2427 1344 2465 iudi-

79 2483 145 2526 cio
167 2481 392 2538 praefuisse,
414 2495 497 2524 non
512 2483 604 2525 alias
618 2483 742 2525 literas
750 2498 764 2533 3
784 2496 882 2538 quae
905 2484 965 2526 cui
986 2483 1129 2578 ittpjcio
1153 2480 1346 2536 praesede-
