1737 3378
390 237 481 283 4η
589 217 1457 265 ANNOTATIONES

379 310 584 363 proturbans
603 324 625 347 a
648 324 698 348 me
716 308 806 348 alios
824 323 950 348 omnes.
971 309 1027 349 Ut
1046 318 1176 347 tamen
1196 320 1333 346 verum
1350 307 1482 354 fatear,
1504 305 1571 346 vix
1586 305 1657 346 (lu-⁴

385 363 493 407 bito,
513 362 606 415 quin
627 362 894 402 emendatione
911 362 1104 415 praeclara
1124 360 1242 414 ipsam
1259 361 1414 402 Luciani
1429 373 1583 400 manum
1605 359 1658 400 as-

386 413 538 454 secutus
552 415 596 454 fit
612 415 928 468 ingeniofiffimus
941 415 1074 455 Faber.
1095 416 1261 455 HEMST.

441 469 522 508 ibid.
535 464 668 522 Ἀπιιξ
683 467 812 509 {aurbu
829 469 869 509 S.
882 469 978 523 &c.)
994 469 1057 508 Ad
1079 469 1172 508 haec
1187 469 1308 508 verba
1320 467 1562 520 intelligenda
1576 467 1656 506 duo

384 519 473 561 sunt
492 523 678 563 notanda:
709 525 876 576 primum
902 523 950 563 sc.
973 524 1019 563 ad
1038 535 1131 571 eos,
1151 523 1218 575 qui
1247 521 1402 562 fatalem
1428 521 1563 561 horam
1586 520 1655 561 fibi

387 574 510 615 adeffe
521 575 726 616 sentiebant
739 608 750 626 ,
762 576 956 617 arceffitos
971 575 1077 616 fuiffe
1092 577 1259 621 amicos,
1276 576 1522 628 propinquos
1534 574 1575 615 &
1591 575 1654 613 vi-

387 629 511 676 cinos,
533 643 702 683 quorum
719 643 853 670 manus
866 629 1197 682 prensabant,l1ac
1214 631 1362 668 ratione
1375 629 1554 668 ultimum
1568 627 1656 681 ipfis

386 682 664 731 valedicentes,
679 685 720 723 &
735 684 762 723 si
776 684 866 736 quid
881 684 1062 724 haberent
1072 713 1084 729 ,
1108 683 1214 736 quod
1226 693 1407 736 rogarent
1419 682 1656 722 mandarent-

386 742 461 783 νε,
480 751 548 790 per
568 737 739 776 dextram
761 736 1003 777 obtestantes.
1024 736 1284 778 vid-Terent.
1298 736 1417 776 Andr.
1441 735 1490 775 A.
1506 735 1566 783 11,
1590 735 1654 776 Sc.

393 804 428 843 5.
451 790 568 844 Apud
585 791 753 844 Euripid.
772 791 808 830 in
829 790 969 831 Alcest.
992 805 1032 830 v.
1052 804 1119 842 19¹
1145 791 1331 830 moritura
1350 788 1508 830 Alcestis
1521 788 1656 840 δῖεξιὶιν

387 843 571 896 mpod-1211?
586 844 750 894 ἑκίιστῳ.
774 844 923 895 Insigne
940 856 1133 897 praeterea
1153 844 1223 884 hac
1241 844 1287 883 de
1305 857 1347 884 re
1364 842 1582 896 exemplum
1600 841 1654 882 est

388 898 491 949 'apud
510 898 692 951 Xenoph.
705 902 747 937 K.
759 903 805 936 Π.
825 898 942 944 VIII,
957 912 988 938 c,
1003 913 1050 952 43
1067 928 1076 944 ‚
1095 898 1162 937 ubi
1176 897 1307 950 Cyrus
1323 899 1491 938 moriens
1504 897 1550 936 ad
1562 896 1657 936 libe-

389 964 457 990 ros
470 979 480 998 ‚
500 952 634 997 Eine,
658 952 804 1004 inquit,
821 947 878 992 οὖν
895 947 995 1001 ὑμῶν
1015 952 1033 992 ii
1056 950 1191 1002 ἒεξιῖις
1204 949 1270 991 ⁷55:
1286 949 1374 1001 ἐμῆς
1396 949 1586 1000 &dacem
1600 980 1612 997 ,
1635 950 1656 991 ii

390 1004 501 1055 ’ὄμμα
514 1003 650 1054 'tetigt-*ov
665 1005 794 1056 ζῶντος
809 1004 867 1045 ἔτι
881 1005 1070 1057 προσιδεῖν
1085 1005 1207 1053 ἐθέλει,
1217 1004 1392 1057 προσίτω·
1404 1005 1540 1044 ibidem
1555 1003 1657 1057 post-

390 1070 512 1110 quam
524 1059 701 1098 mandata
713 1058 864 1099 dedisset
878 1059 974 1106 filiis,
989 1059 1059 1099 Καὶ
1071 1059 1246 1114 χαίρετε,
1261 1059 1400 1111 inquit,
1415 1052 1441 1097 δ
1455 1057 1557 1106 φίλοι
1569 1056 1657 1097 παῖ’-

389 1111 457 1152 ὃες
477 1111 551 1152 &c.
577 1110 712 1152 Ταῧτιι
734 1113 866 1160 εἰσι-ὼν,
885 1113 951 1153 καὶ
970 1113 1126 1153 πάντας
1138 1112 1416 1164 δεξιωσάμενος
1430 1111 1542 1165 (nota
1556 1111 1655 1150 idem

390 1165 455 1205 liic
467 1166 645 1213 verbum,
655 1167 761 1219 quod
774 1168 873 1219 apud
887 1167 1118 1221 Lucianum)
1136 1163 1447 1216 συνεκαλύψειτο,
1459 1165 1522 1204 καὶ
1540 1161 1656 1204 οὕτως

392 1218 630 1260 ἐτελεύτησε.
655 1221 834 1261 Secundo
850 1221 1060 1260 notandum
1071 1251 1081 1266 .‚
1105 1221 1268 1260 mortuis
1280 1219 1371 1260 olim
1384 1231 1551 1259 coronas
1565 1216 1656 1258 fuis-

393 1273 432 1312 se
445 1273 657 1327 impositas:
677 1275 752 1313 vid.
768 1275 921 1314 Lucian.
933 1275 979 1314 de
994 1275 1100 1314 Lu&
1117 1275 1132 1324 §
1153 1275 1212 1322 16,
1228 1273 1355 1313 Clem.
1369 1273 1482 1313 Alex.
1499 1272 1656 1325 Paedag.

393 1326 431 1366 II
443 1358 453 1373 ‚
473 1327 667 1381 Aristoph.
681 1329 830 1368 Ecclez.
846 1330 884 1369 &
901 1328 1054 1379 Lysistr.
1075 1329 1111 1368 Si
1127 1329 1198 1367 iam
1212 1328 1256 1366 ad
1270 1339 1476 1380 utrumque
1495 1326 1584 1366 illud
1601 1337 1657 1365 at-

394 1382 617 1431 tendamus,
640 1383 844 1422 commode
864 1383 1048 1435 explicari
1070 1381 1225 1436 poffunt
1245 1382 1336 1421 haec
1357 1382 1486 1420 verba.
1507 1380 1655 1421 Scilicet

395 1435 543 1475 Timon
559 1436 618 1475 hic
631 1465 642 1483 ,
664 1437 756 1488 quia
776 1448 856 1475 erat
874 1436 1143 1488 μισάνθρωπος,
1169 1436 1216 1474 ab
1237 1435 1439 1474 hominum
1457 1433 1656 1475 consortio

393 1500 589 1528 remotum
609 1488 646 1529 se
666 1501 796 1530 tenete
813 1490 1034 1530 decreverat
1046 1521 1058 1539 ‚
1078 1501 1157 1529 non
1174 1500 1321 1528 tantum
1333 1519 1346 1535 ,
1365 1488 1454 1528 dum
1474 1489 1571 1527 bene
1590 1501 1659 1527 va·

393 1542 517 1588 lebat,
537 1557 675 1582 verum
697 1545 810 1584 etiam
825 1574 835 1591 ‚
858 1557 946 1583 cum
967 1544 1082 1584 morti
1098 1543 1199 1583 foret
1216 1543 1441 1596 proximus,
1460 1541 1655 1582 hominem

395 1597 542 1636 nullum
557 1611 683 1650 neque
698 1611 745 1637 ex
761 1598 986 1651 propinquis
999 1628 1011 1643 ,
1026 1611 1151 1651 neque
1164 1610 1211 1636 ex
1225 1597 1360 1636 vicinis
1373 1595 1495 1636 affore
1508 1596 1573 1635 sibi
1587 1608 1658 1636 vo-

396 1650 499 1690 lebat
511 1682 523 1697 ‚
538 1652 601 1691 cui
619 1653 788 1691 dextram
804 1652 1028 1705 porrigeret,
1046 1662 1111 1691 aut
1127 1651 1354 1690 valediceret
1372 1651 1571 1698 ultimum3
1589 1660 1658 1690 aut

396 1706 465 1758 qui
486 1706 532 1744 de
553 1719 661 1746 more
683 1719 866 1746 coronam
892 1705 980 1758 ipfi,
1005 1719 1095 1746 cum
1115 1705 1278 1744 animam
1291 1703 1468 1750 efflasset,
1485 1705 1661 1757 impone-

397 1770 475 1798 ret:
503 1772 552 1798 eo
573 1760 761 1808 innuens,
784 1759 821 1800 se
846 1759 969 1799 solum
990 1759 1091 1800 velle
1114 1759 1244 1800 omnia
1265 1758 1410 1804 facere,
1437 1757 1561 1798 solum
1583 1756 1659 1797 effe

397 1811 520 1866 usque
541 1814 585 1852 ad
607 1826 821 1854 extremum
843 1815 947 1854 vitae
966 1813 1145 1853 halitum:
1166 1826 1246 1853 non
1270 1812 1418 1866 saepius
1432 1812 1550 1852 modo
1564 1811 1660 1851 huic

400 1866 521 1906 modo
551 1868 602 1906 illi
629 1869 828 1921 porrigere
848 1868 1040 1914 dextram,
1063 1868 1124 1907 sed
1148 1866 1261 1907 semel
1279 1878 1428 1906 tantum
1454 1865 1528 1906 sese
1552 1864 1659 1905 suam

399 1921 518 1974 ipsius
541 1921 714 1975 prensare
740 1921 840 1962 velle
865 1934 1042 1970 manum;
1071 1921 1108 1961 se
1126 1920 1246 1974 ipsum
1271 1921 1384 1960 etiam
1409 1919 1558 1959 sibimet
1583 1932 1661 1960 co-

400 1987 539 2067 ioiiam
560 1976 783 2029 imponere,
805 1988 853 2015 ne
871 1975 946 2015 hoc
961 1973 1130 2015 facerent
1145 1975 1232 2021 alii,
1252 1987 1342 2015 cum
1361 1973 1451 2014 effet
1469 1983 1658 2014 mortuus.

437 2059 445 2067 .
468 2029 567 2068 Bos.

456 2085 529 2121 ead.
556 2082 578 2120 l.
605 2096 663 2122 10.
673 2082 738 2121 Ἢν
764 2080 827 2132 ἓέῃ
846 2080 1059 2135 &wewam
1085 2082 1256 2122 Mortuis
1272 2081 1391 2121 stadio
1405 2081 1510 2121 vitae
1524 2081 1660 2121 decur-

402 2134 446 2176 so
467 2147 647 2187 tanquam
661 2136 877 2176 vffioribus
896 2150 1042 2189 corona
1060 2135 1202 2176 solebat
1225 2136 1384 2189 imponi.
1406 2135 1596 2202 Porphyr.
1612 2135 1660 2174 de

403 2190 515 2229 Antr.
532 2191 706 2243 Nymph.
722 2204 758 2254 p.
775 2204 867 2238 270:
887 2191 949 2237 ἀφ’
966 2187 1007 2230 ’ἧς
1022 2189 1192 2243 (ἐλαίοις)
1218 2190 1347 2228 καὶτὰ,
1369 2203 1557 2241 νικητηριοι
1577 2188 1661 2228 τοῖς·

402 2243 586 2283 ἀθληταῖς
610 2243 676 2283 τοῦ
697 2244 773 2289 βιου
801 2244 980 2284 sisoim
1002 2245 1067 2283 neci
1087 2243 1160 2283 τῶν
1187 2242 1336 2283 ’πολλῶν
1352 2242 1470 2282 ’πόνων
1490 2245 1536 2282 τὸ
1556 2242 1660 2282 ἄκος.

402 2297 525 2349 Quae
543 2297 676 2338 Suidas
697 2298 809 2337 habet
829 2298 869 2337 in
889 2295 1128 2337 Μελιττοῦτα
1144 2327 1154 2342 ,
1183 2298 1363 2345 στέφανος
1390 2295 1558 2348 (ἐέίὸοτο
1581 2296 1662 2334 τοῖς

401 2350 550 2403 νεκροῖς)
564 2347 611 2390 ὦς
621 2355 681 2392 τὸν
699 2351 771 2396 βίον
794 2351 1114 2405 ἓιηγωνισμένοις,
1128 2350 1248 2390 sumta
1265 2350 1349 2389 sunt
1371 2362 1420 2389 ex
1438 2349 1663 2402 Aristopha-

403 2405 464 2444 nis
478 2405 603 2444 Schol.
619 2405 666 2444 ad
686 2404 840 2456 Lyfistr.
856 2420 896 2445 v.
912 2407 962 2445 60
974 2420 1002 2443 ι.
1025 2404 1136 2444 Plura
1153 2405 1252 2444 dabit
1267 2404 1440 2445 Kirchm.
1459 2405 1504 2444 de
1519 2404 1548 2443 F
1550 2416 1658 2443 uner.

403 2458 447 2504 I,
463 2470 496 2498 c.
521 2473 535 2497 1
547 2473 579 2498 1.
595 2458 798 2505 Ceterum,
814 2470 1160 2511 quantumcunque
1173 2457 1399 2498 diffimulent
1414 2457 1636 2510 interpretes
1647 2486 1661 2505 ‚

404 2512 605 2554 occultum
625 2512 783 2568 aliquod
805 2514 941 2555 vitium
963 2513 1093 2567 prodit
1111 2513 1237 2554 oratio
1250 2511 1435 2566 languens
1454 2513 1496 2554 &
1511 2509 1663 2555 diffolue
