1737 3378
406 223 501 269 270
605 199 1474 250 ANNOTATIONES

456 292 530 329 ead.
550 290 574 328 l.
601 302 659 338 17.
682 284 798 326 Το-’.ἱτο
818 286 888 338 μὲν
907 286 1006 333 δεῖν)
1029 286 1234 340 Exponere
1259 287 1432 328 licetse&
1446 287 1572 339 τοῦτο,
1586 300 1672 330 eam

403 344 458 383 ob
482 356 588 390 rem,
613 354 659 380 ut
678 341 834 381 dolores
857 342 897 381 δι
922 341 1169 380 incommoda
1187 341 1354 381 tolerare
1378 341 1543 383 discant:
1569 358 1678 398 quo·.
1732 357 1735 362 ’

403 395 556 444 mod0§
579 409 643 449 37,
662 393 772 434 τοῦτο
785 407 854 433 τοι·
875 394 936 434 sed
958 406 1044 434 tum
1067 395 1197 434 oratio
1221 394 1276 435 est
1296 394 1499 454 paulmulum
1515 398 1676 458 impedi·-

403 451 508 498 tior,
521 450 563 489 δε
581 450 696 488 habet
715 448 844 489 nescio
860 449 952 502 quid
972 448 1214 497 inconcinni,
1234 459 1318 488 tum
1332 463 1444 488 τουτο
1460 450 1532 500 μὲν
1549 463 1600 491 ita
1612 450 1675 491 so·
1728 498 1737 505 ,ι

401 503 455 543 let
471 504 563 556 poni
583 503 832 557 plerumque,
855 514 899 543 ut
912 500 1024 542 τοῦτο
1039 500 1084 540 δὲ
1106 503 1171 541 vel
1186 502 1300 542 semel
1316 503 1381 542 vel
1399 502 1544 556 saepius
1555 507 1675 545 etiam
1729 551 1734 558 ¹

399 556 599 610 sequatur:
623 557 845 610 exemplum
859 570 952 596 mox
968 556 1047 610 ipse
1059 556 1256 596 Lucianus
1269 557 1450 609 praebet,
1468 557 1673 599 Demosth.

402 617 511 663 Ερωτ.
528 626 564 665 p.
586 625 659 664 253
687 611 736 650 A.
760 611 803 650 B.
826 610 938 650 Dion
961 609 1064 650 Prus.
1084 623 1121 662 p.
1142 624 1220 658 214
1238 610 1289 650 A.
1307 623 1428 663 quare
1447 623 1585 665 parum
1608 612 1674 651 ab·

400 664 478 711 est,
509 665 603 731 quin
627 664 868 704 scribendum
892 673 1045 717 putem,
1070 663 1454 717 καταγυμνάσωσιν,
1482 659 1581 706 οὗτοι
1601 665 1674 716 μὲν

401 718 481 759 δεῖν
505 734 533 758 οι
558 720 695 757 πολλοὶ
713 718 935 757 κελεύοντες,
951 715 1168 770 Philosophi
1193 730 1293 758 vero
1310 730 1354 757 ac
1371 717 1571 772 Sophistae
1584 732 1675 759 ver-

401 773 555 813 beribus
578 772 781 827 discipulos
798 785 842 810 ac
863 771 1019 824 flagellis
1040 771 1292 824 castigabant:
1309 772 1494 826 Xenoph.
1513 774 1675 824 Ἀπομν.

399 826 442 876 Ι,
464 841 501 881 p.
521 841 614 880 415,
630 842 667 866 v.
680 842 747 875 44,
770 821 862 865 οἷὸα
875 825 921 863 δὲ
946 824 1102 875 κᾴκείνω
1125 825 1367 878 σωφρονοῦντε
1380 825 1466 866 ἐ’στε
1479 828 1675 881 Σωκράτει

400 878 595 929 συνήστην,
605 875 643 918 οὔ
658 879 868 930 φοβουμένω
877 878 930 929 μὴ
942 877 1127 930 ζημιοῖντο
1141 879 1160 919 ἢ
1174 879 1342 920 παίοιντο
1353 877 1428 918 ὑπο
1441 883 1675 934 Σωκρατους“

400 948 529 987 eoque
550 935 714 988 pertinet
727 964 739 982 ,
756 933 862 985 quod
884 934 922 971 in
946 932 1143 985 Aristoph.
1161 932 1266 972 Nub.
1282 947 1323 973 v.
1340 947 1419 983 440
1440 934 1673 996 Strepfiades
1736 961 1737 982 2

400 988 568 1028 Socratis
592 987 800 1040 adscriptus
823 987 1083 1026 contubernio
1107 987 1151 1025 το
1174 986 1290 1037 σῶμα
1307 987 1474 1041 παρέχει
1497 1002 1673 1035 τυπτειν,

398 1041 540 1092 πεινῆν,
554 1039 891 1093 «Γιψῇνώῦχμεῖν,
909 1040 1052 1094 ῥιγοῦν,
1070 1040 1189 1079 &cmv
1207 1039 1336 1092 ὃερεῖν.
1350 1041 1532 1080 Libanius
1554 1043 1671 1082 etiam

398 1096 472 1136 Or.
497 1097 580 1150 περὶ
600 1094 665 1135 τοῦ
677 1097 780 1134 Τίιπ.
806 1109 844 1148 p·
864 1109 936 1148 577
962 1093 1009 1135 C.
1033 1093 1111 1146 ἐγὼ
1134 1094 1218 1146 ’γάρ
1242 1108 1300 1133 τοι
1323 1098 1366 1133 τὸ
1387 1095 1457 1145 μὲν
1473 1095 1545 1134 διὰ,
1567 1109 1670 1137 πλη-

398 1150 478 1203 γῶν
499 1151 566 1190 καὶ
586 1149 792 1201 μαστίγων
816 1150 1024 1201 πειρασῗσαι
1051 1147 1226 1187 νουθετεῖν
1247 1146 1396 1201 ἔφυγον·
1419 1149 1461 1189 δι
1474 1149 1558 1202 περὶ
1577 1155 1670 1191 Συν-

398 1202 522 1243 &audiv
539 1218 576 1258 p.
593 1204 668 1257 613
692 1202 740 1243 C.
754 1203 906 1242 Verum
921 1212 1119 1255 praeterea
1138 1201 1233 1242 haec
1250 1202 1462 1255 flagrorum
1482 1203 1672 1243 aliorum·

397 1271 478 1312 que
502 1258 746 1298 cruciatuum
774 1267 988 1305 tormenta,
1016 1254 1238 1308 praesertim
1262 1257 1365 1310 apud
1393 1255 1671 1311 philosophos,

397 1313 572 1364 genuinis
594 1311 832 1351 auditoribus
850 1311 1007 1350 fuerunt
1021 1308 1193 1348 iniuncta
1203 1340 1214 1357 ‚
1228 1323 1312 1363 quo
1327 1311 1470 1351 durato
1484 1323 1553 1365 per
1571 1310 1672 1353 haec

397 1366 581 1419 supplicia
605 1377 773 1419 corpore
792 1366 839 1403 ad
859 1365 924 1404 τὴν
943 1363 1142 1416 καρτερίαν
1170 1362 1442 1412 firmarentur,
1467 1376 1586 1418 atque
1609 1367 1671 1406 in-

397 1418 489 1460 sitae
510 1419 672 1459 libidinis
698 1417 1030 1471 intemperantiam
1055 1417 1330 1470 exstirparent:
1361 1417 1449 1458 sane
1465 1419 1672 1473 Pythago-

397 1487 460 1514 ras
486 1474 673 1518 βασάνους
693 1487 735 1512 τε
760 1474 1051 1511 ποικιλωτάτας
1078 1471 1144 1510 καὶ
1171 1471 1354 1512 κολάσεις
1376 1472 1442 1511 καὶ
1469 1472 1668 1513 ἀνακοπὰς

397 1527 487 1580 πυρὶ
498 1526 564 1567 καὶ
580 1526 717 1579 σιὲίιρῳ
731 1526 1026 1576 συντελουμένας
1037 1523 1370 1576 ἓιαθεσμοθετῆσαι
1387 1526 1526 1567 dicitur
1537 1540 1560 1566 a
1568 1526 1672 1567 Iam·

397 1581 526 1622 blicho
543 1581 581 1621 S.
603 1580 666 1622 68.
693 1582 954 1620 Xenocratem
973 1579 1100 1618 laudat
1121 1577 1293 1633 Diogen.
1322 1580 1367 1620 L.
1380 1579 1456 1628 IV,
1481 1593 1527 1631 7:
1547 1577 1669 1622 οὕτως

398 1632 491 1676 εἶναι
513 1632 693 1689 ἐγκρατῆ
703 1665 717 1681 ,
740 1631 840 1674 ὥστε
866 1634 931 1674 καὶ
951 1635 1073 1684 τομὰς
1099 1634 1166 1672 καὶ
1188 1633 1338 1674 καύσεις
1359 1634 1550 1674 πολλάκις
1574 1630 1670 1675 ὑπο-

391 1690 521 1740 μεῖναι
552 1689 634 1741 περὶ
659 1691 704 1727 το
730 1688 888 1729 αἰδοῖον.
925 1688 1042 1734 Mos,
1067 1696 1113 1726 ut
1139 1688 1317 1737 videtur,
1343 1701 1366 1727 a
1390 1687 1667 1740 mysteriorum

394 1744 474 1784 ritu
492 1743 696 1789 detiuc‘cus,
714 1743 854 1795 quibus
871 1742 1009 1781 initiari
1027 1740 1219 1781 neminem
1239 1740 1296 1781 fas
1314 1753 1415 1791 erat,
1435 1741 1502 1781 nisi
1523 1743 1668 1796 proba-

394 1809 433 1837 ta
454 1811 522 1852 per
549 1797 694 1837 multos
719 1796 922 1850 ἀναγκῶν,
948 1796 1120 1841 βασάνων
1144 1796 1188 1835 &
1214 1795 1402 1844 καύσεων,
1420 1795 1472 1836 fic
1493 1808 1669 1844 vocant,

422 1853 533 1892 radus
552 1852 666 1890 animi
686 1850 900 1890 constantia
920 1850 1228 1903 experimentum
1255 1849 1309 1889 sui
1329 1859 1478 1890 certum
1497 1850 1666 1891 dediffet.

393 1865 576 1946 {ieminit
596 1906 711 1945 etiam
729 1905 886 1944 Arri-an.
904 1905 943 1943 in
963 1903 1083 1957 Epi&
1098 1903 1203 1943 istius
1217 1903 1502 1958 philosophicae
1525 1905 1665 1957 proba.

393 1961 524 2000 tionis.
544 1960 803 2013 Superianus,
828 1970 871 1998 ut
890 1959 1065 1998 inertiam
1089 1970 1134 1997 ac
1153 1958 1367 1997 tarditatem
1393 1959 1535 2011 ingenii
1562 1960 1666 1999 exci-

393 2025 518 2060 taret,
548 2013 666 2067 flagra
693 2012 842 2052 sibimet
869 2011 946 2066 ipse
973 2012 1184 2051 admovere
1214 2025 1296 2051 non
1319 2011 1538 2060 dubitavit,
1568 2013 1664 2053 teste

393 2064 602 2108 Damascio
631 2068 734 2121 apud
766 2067 869 2106 Suid.
901 2067 942 2105 in
968 2066 1230 2118 Σουπηριανός.
1261 2065 1463 2106 Christiani
1489 2065 1664 2116 ascetae,

392 2122 598 2176 postquam
627 2120 808 2162 vestitum
834 2118 1154 2173 philosophorum
1187 2131 1366 2159 veterum
1393 2119 1660 2169 adsciverant,

394 2176 490 2216 haec
514 2189 699 2229 quoque,
724 2188 827 2227 quae
848 2175 1041 2213 Lucianus
1062 2174 1201 2213 merito
1223 2174 1388 2221 deridet,
1413 2173 1660 2228 praepostera

393 2229 616 2270 formandae
649 2230 798 2283 pietatis
830 2228 1079 2268 instrumenta
1107 2240 1188 2267 non
1215 2226 1465 2281 spreverunt:
1499 2241 1580 2281 quo
1612 2229 1661 2269 de

392 2293 534 2338 genere
557 2296 638 2323 non
662 2296 786 2337 pauca
807 2283 972 2336 reperies
997 2283 1035 2321 in
1053 2281 1157 2321 Vitis
1175 2281 1331 2321 Patrum
1351 2283 1394 2322 δι
1408 2279 1572 2322 Caffiani
1589 2282 1661 2322 ln-

391 2339 659 2378 stitutionibus.
677 2337 806 2376 Multa
821 2347 978 2384 notant,
1000 2335 1061 2374 sed
1079 2335 1287 2375 admodum
1306 2336 1543 2387 perturbate,
1560 2336 1661 2376 Cre·

391 2391 474 2433 soll.
491 2391 566 2432 Th.
583 2391 700 2439 Rhet.
721 2392 776 2440 V,
794 2404 826 2432 c.
846 2390 894 2439 6,
909 2404 951 2441 7,
969 2390 1121 2429 Boilav.
1141 2389 1236 2428 Hist.
1260 2389 1365 2442 flag.
1387 2402 1421 2429 e.
1443 2389 1518 2438 lv,
1535 2404 1572 2443 p.
1588 2389 1657 2440 78.

392 2459 563 2500 quorum
585 2457 735 2485 errores
761 2443 933 2498 persequi
963 2457 1043 2483 non
1072 2444 1201 2483 iuvat:
1237 2456 1371 2485 neuter
1401 2445 1505 2485 hunc
1535 2443 1658 2499 ipsum
1704 2466 1710 2471 ·

394 2500 555 2552 Luciani
577 2499 708 2545 locum
728 2496 991 2553 praetermisit.
1015 2498 1178 2544 HEMST.
