1737 3378
408 267 610 303 Lxxxu
707 250 808 297 ΙΟ.
845 249 1070 296 FRED.
1103 249 1456 306 REJTzlt

403 359 579 414 palariam
603 353 709 393 huius
728 354 892 407 querelam
907 382 921 399 ,
972 355 1043 392 uod
1064 368 1107 392 ex
1135 354 1216 392 aliis
1243 353 1313 406 sua
1344 354 1506 404 desumere
1527 364 1657 393 amaret
1662 363 1680 400 j

410 414 479 453 vid.
500 412 536 448 in
553 407 713 447 Miscell.
737 408 852 448 novis
869 407 938 460 ΠΡ
958 437 967 446 .
988 423 1071 460 quae
1092 408 1127 447 in
1141 406 1260 459 fhrma
1278 407 1401 447 minore
1420 408 1571 460 prodiere
1582 423 1676 447 anno

412 479 524 515 1742,
544 463 612 501 vol.
641 477 679 508 ι,
699 475 783 514 pag.
807 477 880 500 122.
907 462 988 500 Item
1015 461 1208 501 Lamberti
1228 462 1330 508 Bos,
1352 461 1504 501 Horatii
1527 461 1679 501 Vitrin-

409 530 506 570 gae,
528 516 564 556 δ’
589 530 721 570 paucae
745 514 930 554 Maturini
955 513 1164 568 Veyffierii
1193 515 1247 554 La
1275 515 1425 561 Croze,
1457 530 1543 568 quac
1562 530 1677 554 omnes

410 571 528 621 rursus
549 586 573 609 a
598 586 648 609 me
671 568 898 621 describendae
921 584 989 608 non
1012 572 1110 610 modo
1133 582 1249 615 erant,
1279 584 1382 621 aeque
1405 584 1447 608 ac
1473 567 1604 608 Solani
1628 569 1675 611 il·
1694 594 1701 601 ·
1733 588 1737 596 ·

410 625 463 663 lae
477 626 585 678 supra
613 624 681 663 iam
702 634 998 668 commemoratae,
1020 623 1083 673 sed
1109 623 1144 660 6·
1167 627 1411 676 quaerendum,
1441 637 1506 675 quo
1529 622 1678 676 pertine·

410 691 511 726 tent;
535 693 610 718 cum
634 677 770 730 quisqtte
788 675 861 727 fere
890 678 963 715 alia
990 676 1136 715 Luciani
1159 677 1300 716 editione
1332 676 1416 728 usus
1440 676 1545 715 aliam
1567 676 1674 730 pagi·

409 748 489 772 nam
511 733 669 784 allegaret
683 760 694 777 ,
720 731 755 769 ὃ*
775 730 940 770 Solanus
958 742 1059 768 notas
1082 731 1182 769 etiam
1199 730 1287 781 ficas
1308 733 1357 768 ad
1379 729 1552 769 luminae
1570 730 1675 783 pagi-

410 802 476 826 nas
504 784 786 835 accommodaffet.
809 784 863 822 La
885 783 1016 823 Crozii
1035 795 1146 822 autem
1170 785 1461 823 commentationes
1471 784 1581 836 scrius
1607 799 1675 822 na-

411 843 507 886 e‘lus,
531 856 553 878 a
581 839 674 878 Totn.
696 855 715 877 2
739 838 868 876 demum
888 837 1026 888 inserere
1051 838 1162 890 coepi,
1186 849 1309 876 ceteras
1331 838 1510 876 Addendis
1527 837 1675 876 adicitu-

409 909 496 940 rus,
524 894 560 932 ni
574 910 585 931 ι
604 892 730 943 easdem
749 892 924 943 observatt.
952 892 995 929 ab
1020 891 1099 930 aliis
1124 892 1193 929 iam
1219 904 1402 944 occupatas
1421 892 1674 944 deprehendero.

409 949 530 987 Notas
552 947 580 986 Ι.
604 947 654 985 H.
677 945 770 984 Maii
793 946 842 983 ad
861 945 1083 991 Macrobios‚
1106 944 1141 982 δ’
1157 944 1218 983 Er.
1233 944 1412 984 Schmidii
1431 948 1480 983 ad
1500 945 1679 998 Tragopo-

411 1004 552 1053 digram
574 1002 661 1038 unde
683 999 879 1050 hauserim,
907 1001 957 1037 ad
971 998 1104 1036 initium
1124 1013 1236 1036 eorum
1260 999 1489 1051 Dialbgorum
1510 998 1678 1038 indicavi.
1736 1023 1737 1030 κ

412 1056 454 1094 Jn
478 1057 539 1092 hoc
562 1069 638 1093 vero
661 1053 794 1104 negotio
815 1052 997 1105 plurimum
1019 1052 1172 1104 temporis
1199 1051 1438 1104 absumendum
1452 1051 1552 1103 fuit,
1575 1063 1614 1090 ut
1637 1052 1678 1091 itt

411 1109 559 1147 ‹mmium
586 1107 676 1146 notis
699 1107 836 1160 prolata
861 1106 1008 1144 Luciani
1037 1106 1218 1159 testimonia
1235 1135 1247 1151 ,
1276 1118 1345 1145 tam
1371 1107 1505 1157 diversis
1533 1106 1678 1159 paginis

411 1163 563 1202 indicata
575 1191 586 1208 ,
610 1161 680 1200 iam
699 1162 750 1198 ad
765 1160 1058 1214 paragraphorum
1070 1162 1144 1212 five
1159 1160 1307 1220 capitum
1323 1161 1505 1214 nostrorum
1522 1175 1677 1199 numeros
1717 1162 1723 1171 ‘

412 1229 585 1268 aptarem,
610 1215 649 1254 id
666 1216 758 1268 quod
782 1214 914 1266 aliquot
935 1214 1053 1252 millies
1078 1213 1250 1266 contigffi
1266 1213 1374 1264 filcile
1398 1216 1534 1260 credes,
1553 1213 1611 1252 ubi
1631 1213 1678 1254 cl.

411 1269 522 1309 Icnfii
549 1282 685 1314 notam,
706 1284 790 1322 quae
811 1270 853 1321 est
878 1268 928 1305 ad
949 1267 1064 1320 Imag.
1089 1283 1118 1306 c.
1144 1284 1187 1306 22
1202 1298 1215 1313 ,
1237 1268 1516 1319 consideraveris,
1543 1268 1580 1306 in
1606 1281 1677 1320 qua

407 1324 487 1375 sola
519 1324 695 1363 Lucianus
729 1326 917 1361 advocatur
941 1323 1023 1374 plus
1050 1322 1171 1360 centies
1200 1321 1234 1359 ὁ·
1259 1322 1471 1374 quadragies.
1506 1321 1679 1360 Solimus

411 1380 540 1430 quidem
561 1377 756 1416 Lucianum
777 1377 929 1429 allegans
946 1376 1086 1428 saepius
1106 1376 1255 1428 capitum
1274 1390 1427 1414 numeros
1444 1391 1466 1414 a
1481 1374 1522 1426 fi:
1543 1374 1678 1428 institu-

413 1446 467 1470 tos
480 1463 492 1479 ‚
519 1446 619 1484 quam
638 1431 842 1483 paginarum
861 1431 1036 1481 exprfft;
1049 1429 1114 1481 sed
1133 1444 1210 1468 cum
1233 1430 1276 1468 cl.
1298 1428 1443 1469 Hemst.
1462 1430 1512 1468 ad
1532 1429 1677 1469 medium

411 1487 514 1537 usqne
541 1485 637 1524 Tomi
657 1484 681 1522 I
696 1485 809 1536 capita
837 1484 936 1521 aliter
951 1483 1145 1536 difpefiuit,
1165 1483 1200 1522 in
1221 1483 1313 1522 notis
1331 1496 1443 1523 tamen
1458 1482 1589 1522 Solani
1608 1497 1676 1521 nu·

411 1554 533 1578 merum
551 1552 661 1577 eorum
681 1553 752 1576 non
778 1536 947 1582 mutavit,
972 1538 1099 1576 accidet
1121 1537 1309 1583 interdum,
1337 1549 1376 1576 ut
1395 1538 1435 1576 id
1454 1537 1525 1576 iam
1544 1536 1675 1589 aliquot

406 1592 637 1644 paragraphis
659 1591 800 1635 ulterius
821 1593 1041 1642 quaerendum
1051 1592 1125 1641 fit,
1150 1593 1242 1643 quod
1257 1591 1421 1630 Solanus
1441 1591 1478 1630 in
1497 1591 1674 1629 anteri0ri-

410 1647 474 1684 hus
499 1644 640 1684 invenin'
660 1644 804 1698 scn'pfit.
836 1644 884 1682 E.
904 1659 932 1683 c.
950 1646 1088 1696 quando
1115 1643 1213 1696 affert
1234 1645 1382 1697 Nigrim.
1405 1661 1434 1684 c.
1463 1659 1500 1684 to
1514 1675 1526 1692 ‚
1551 1644 1589 1683 id
1604 1645 1677 1683 iam

409 1715 453 1738 ex
475 1700 633 1751 divisione
644 1698 938 1752 Hemsterhustana
953 1700 995 1751 est
1013 1713 1041 1737 c.
1061 1698 1117 1737 vel
1128 1700 1143 1746 ἕ
1161 1713 1212 1747 17.
1235 1699 1355 1738 Totum
1369 1699 1455 1739 enim
1467 1698 1676 1751 Nigrinum

411 1752 575 1792 solanus
596 1752 805 1806 distribuerat
824 1752 860 1790 in
881 1752 994 1804 capita
1016 1767 1063 1802 ²3
1075 1782 1088 1798 ‚
1104 1750 1250 1792 Hemst.
1269 1753 1306 1791 in
1326 1755 1389 1802 38.
1405 1754 1486 1792 Nos
1502 1767 1579 1791 vero
1594 1753 1675 1792 dia-

409 1807 506 1858 logos
522 1821 634 1846 omnes
641 1806 811 1858 sequentes
830 1821 852 1844 a
866 1806 969 1845 Dial.
984 1806 1032 1845 de
1050 1805 1185 1845 Sacrif.
1198 1808 1322 1858 adfin.
1337 1807 1418 1846 tomi
1432 1807 1496 1846 ult.
1511 1821 1555 1846 ex
1568 1817 1673 1846 mente
1709 1815 1710 1818 ’

411 1860 544 1899 Solani
562 1859 826 1914 dispescuimus,
845 1875 885 1898 ne
905 1874 991 1913 opus
1005 1859 1084 1912 effet
1095 1861 1256 1912 singulas
1280 1861 1499 1912 allegationes
1520 1872 1674 1908 mutare,

409 1917 502 1967 quod
517 1916 553 1954 in
571 1914 615 1953 iis
626 1913 742 1965 facere
762 1915 865 1952 coaHi
873 1913 995 1964 sumus
1005 1943 1018 1960 ,
1031 1929 1116 1966 quae
1126 1927 1260 1967 partem
1279 1914 1373 1953 illam
1386 1916 1530 1969 priorem
1539 1915 1673 1968 specla-

408 1971 491 2007 hant
501 1999 514 2016 ,
527 1969 675 2022 exceptis
685 1966 814 2019 forsan
833 1969 963 2020 aliquot
983 1969 1066 2006 locis
1075 1983 1138 2020 per
1147 1967 1395 2021 ftstinationem
1409 1980 1538 2013 mutare
1563 1969 1676 2023 negle-

407 2023 469 2062 clis
483 2053 496 2068 ‚
519 2037 603 2075 quae
626 2023 723 2060 let‘lor
749 2034 858 2060 tamen
881 2023 946 2060 lzac
968 2022 1096 2060 ratione
1118 2022 1268 2061 indicata
1283 2021 1432 2073 facilius
1450 2022 1605 2062 inveniet.

460 2077 502 2115 In
519 2078 603 2129 hisce
629 2087 738 2115 tamen
759 2076 923 2114 interdum
947 2076 1142 2124 sublevatus
1152 2076 1231 2127 fiam
1255 2077 1413 2116 iuvenum
1432 2077 1672 2131 praestantiffi'-

406 2146 534 2171 morum
559 2145 684 2184 opera,
706 2129 854 2183 primum
877 2129 1080 2169 Theodori
1098 2130 1397 2176 Woertmanni‚
1421 2132 1479 2184 qui
1503 2131 1583 2171 olim
1604 2143 1674 2184 gy-

405 2200 484 2223 mna
498 2185 524 2222 u'
542 2185 644 2238 nostri
663 2185 899 2237 coryphaeus,
917 2185 986 2222 iam
1010 2185 1045 2222 in
1064 2183 1246 2235 causarum
1267 2185 1424 2237 patronis
1441 2185 1601 2224 eximium
1621 2196 1673 2224 te-

404 2253 460 2278 net
477 2240 586 2278 locum
601 2269 615 2285 ,
642 2239 835 2290 procedente
859 2251 999 2290 tempore
1021 2238 1206 2291 principem
1226 2239 1326 2277 etiam
1346 2241 1550 2279 obtenturus.
1589 2240 1672 2279 Hoc

404 2308 481 2332 vero
505 2293 720 2344 gravioribus
749 2292 891 2345 negotiis
916 2304 1080 2339 occupato
1106 2293 1190 2332 idem
1219 2293 1389 2332 auxilium
1416 2293 1501 2333 mihi
1529 2293 1670 2344 partitis

402 2346 535 2386 ¹vicibus
554 2347 740 2399 praestitere
754 2345 958 2398 Regnerus
976 2346 1169 2386 Henricus
1181 2346 1349 2394 Sihfink,
1371 2347 1406 2385 ἃ·
1427 2347 1461 2385 is
1477 2347 1570 2386 luris
1584 2347 1668 2386 Do·

403 2404 472 2440 Hor
493 2415 536 2439 ex
566 2400 690 2439 meritis
711 2415 818 2452 nuper
843 2400 1081 2446 renuntiatus,
1111 2416 1171 2440 nec
1196 2415 1263 2439 non
1295 2400 1463 2441 Iacobus
1485 2399 1669 2450 Gobius,

400 2456 510 2505 eodem
529 2454 652 2493 honore
673 2455 763 2492 brevi
776 2452 899 2506 forsan
925 2458 1136 2494 maHandus.
1161 2454 1238 2492 His
1262 2454 1375 2507 itaque
1393 2454 1568 2507 discipulis
1585 2456 1668 2495 oBm

395 2509 568 2559 primariis
588 2523 630 2547 ac
650 2508 865 2560 dulciffimis,
887 2523 977 2548 nunc
1001 2508 1120 2548 amicis
1141 2508 1298 2562 optimis,
1320 2509 1384 2550 lzoc
1405 2510 1538 2554 'contine
1555 2523 1667 2567 quan·

401 2574 458 2611 tas
478 2562 615 2617 poffum
625 2563 765 2616 gratias
787 2575 866 2614 ago.
1682 2570 1683 2574 ¹
