1737 3378
365 279 547 315 vaut
712 251 1311 304 EDITIONES

519 363 647 405 Editio
675 361 896 401 nitidiffima.
926 360 1119 408 Batneae,
1151 369 1218 410 pei·
1247 356 1332 396 Seb.
1362 354 1613 407 Henricpetri‚

523 420 568 458 In
585 416 660 456 fine
681 416 760 456 vol.
775 415 831 454 IV
854 415 1013 468 legitur:
1043 414 1193 464 Bitslleae
1213 425 1270 464 per
1296 411 1368 447 διὸ.
1390 410 1613 459 Ηε]ιι’ἱερετ]’ἱ.

523 475 632 512 Anno
653 473 710 509 M.
727 469 846 508 DCII.
863 468 968 519 mense
988 467 1178 519 Septembri.
1197 487 1242 494 —
1270 463 1393 502 Editio
1413 461 1546 501 omifl'a
1560 463 1615 501 bi-

525 524 781 578 bliographis,
805 535 874 562 nec
896 522 973 560 visa
998 521 1161 560 Reitzio.

367 580 465 635 1615
507 580 694 630 ‘Parzfiis‚
718 576 783 616 fol.
809 572 1246 615 LucianiSamosatensns
1268 573 1485 626 Philosophi
1509 575 1619 629 Opo—

526 646 569 672 ra
591 632 721 671 omnia
743 643 844 683 quae
866 629 1023 669 exstant.
1059 627 1160 667 Cum
1184 627 1315 665 Latina
1338 627 1482 667 doeliss'.
1508 631 1619 669 viro-

526 700 614 726 rum
624 684 948 736 interpretatione.
963 682 1020 721 lo.
1032 681 1267 720 Bourdclotius
1277 694 1365 721 cum
1378 682 1486 734 regiis
1494 682 1620 726 Codd.

527 739 681 792 aliisque
703 738 811 777 MSS.
833 737 995 775 contulit
1011 765 1022 782 ‚
1047 735 1287 780 emendavit,
1313 734 1514 788 supplevit.
1541 737 1622 776 Ad-

527 793 649 833 ieciae
674 791 758 831 sunt
783 789 944 829 eiusdem
973 787 1235 834 Bourdelotii,
1258 788 1458 828 Theodori
1483 790 1625 830 Marci-

529 847 592 893 lii,
614 845 776 887 Gilberti
798 843 963 895 Cognati
989 854 1116 881 notae.
1135 841 1237 880 Cum
1265 841 1386 882 indice
1405 842 1624 895 locupletis-

531 900 640 939 simo.
678 897 847 938 Lutetiae
877 893 985 936 Paris.
1016 895 1115 948 apud
1148 895 1333 934 Iulianum
1362 896 1544 936 Bertault.
1575 920 1620 927 —

531 954 693 1005 Elegans
719 950 771 991 est
797 951 890 989 haec
917 950 1056 996 editio,
1080 961 1195 1000 quam
1221 949 1495 989 Bourdelotius
1515 951 1568 989 :iit
1587 950 1626 990 se

532 1005 742 1047 emendasse
770 1004 916 1044 collatis
953 1016 1033 1042 non
1068 1002 1187 1041 modo
1216 1002 1451 1041 editionibus
1469 1033 1481 1048 ,
1512 1002 1573 1043 sed
1600 1018 1622 1043 2

533 1060 641 1100 MSS.
658 1059 754 1098 Bibl.
775 1058 874 1110 regis
900 1056 1046 1096 Galliae
1061 1086 1072 1101 ‚
1097 1058 1138 1094 ὅ(
1161 1057 1275 1094 variis
1298 1055 1522 1096 leaionibus
1545 1057 1628 1096 Co-

531 1115 624 1153 dicis
646 1113 826 1152 Thomae
851 1110 997 1149 Linacri
1016 1110 1056 1149 &
1072 1108 1293 1148 Florentini.
1322 1109 1376 1148 At
1389 1109 1490 1149 Tan.
1506 1110 1629 1151 Faber

533 1168 580 1207 ad
601 1166 755 1206 Luciani
770 1165 975 1204 Timonem
1000 1176 1033 1202 c.
1058 1177 1072 1201 1
1097 1175 1208 1215 negat
1232 1162 1267 1202 se
1288 1163 1414 1201 mirari
1435 1162 1522 1203 satis
1546 1164 1632 1217 pos-

534 1221 572 1260 se
595 1221 692 1260 illius
717 1218 1010 1271 impudentiam,
1033 1217 1100 1268 qui
1121 1215 1233 1256 ausus
1255 1216 1299 1254 fit
1322 1215 1479 1269 posteris
1505 1217 1631 1271 impo-

536 1288 627 1314 nere
639 1305 651 1321 ‚
675 1271 936 1327 professusque
950 1271 994 1310 fit
1011 1271 1218 1309 editionem
1234 1270 1330 1309 hanc
1344 1283 1366 1309 e
1379 1270 1489 1310 MSS.
1502 1270 1628 1313 Codd.

536 1330 664 1378 regiae
691 1326 950 1366 Bibliothecae
981 1323 1188 1376 expressam
1216 1324 1301 1363 effe.
1337 1324 1474 1376 Neque
1505 1336 1634 1365 tamen

537 1381 648 1421 affert
670 1381 838 1420 rationes
867 1377 998 1417 finistri
1025 1378 1136 1416 huius
1164 1378 1302 1419 iudicii.
1333 1377 1434 1416 Idem
1460 1378 1635 1418 Bourde-

537 1436 655 1475 lotius
677 1434 858 1479 testatur,
886 1431 921 1471 se
951 1445 1094 1471 novam
1122 1431 1275 1471 Luciani
1303 1431 1516 1471 versionem
1538 1431 1635 1473 affe-

538 1488 638 1528 &am
665 1486 845 1526 habuifl'e.

383 1540 483 1593 1619
538 1542 726 1589 salmurii,
758 1540 795 1578 8.
830 1538 865 1577 Π
887 1539 980 1578 voll.
1017 1542 1286 1577 AOTKIANOT
1314 1541 1635 1581 ΣΑΜΟΣΑΤΕΩΣ

540 1599 742 1632 ΑΠΑΝΤΑ.
779 1593 938 1632 Luci-ani
967 1591 1236 1632 samosatenfis
1268 1592 1399 1645 Opera
1426 1593 1558 1631 omnia
1595 1594 1634 1633 in

541 1649 640 1688 duos
662 1648 814 1688 Tomos
840 1645 965 1685 divisa.
992 1646 1181 1685 Iohannes
1204 1647 1400 1685 Benediaus
1420 1647 1637 1687 Medicinae

542 1701 721 1750 Boetor,
740 1701 780 1740 δι
802 1702 842 1740 in
865 1699 1107 1740 salmuriensi
1132 1700 1339 1740 Academia
1360 1701 1462 1753 regia
1483 1700 1638 1754 linguae

543 1754 715 1796 Graecae
740 1753 949 1802 Professor,
973 1766 1020 1792 ex
1045 1754 1209 1806 antiquis
1232 1754 1333 1793 libris
1349 1786 1358 1800 ,
1383 1754 1638 1808 locorumque

542 1808 651 1848 sensu
662 1808 898 1848 emendavit:
919 1807 957 1847 δι
973 1808 1142 1846 Latinam
1159 1807 1372 1847 versionem
1390 1808 1438 1846 ita
1454 1821 1640 1860 recogno·

543 1864 625 1908 vit,
651 1874 694 1903 ut
716 1863 881 1901 maxima
905 1874 953 1901 ex
985 1872 1090 1914 parte
1115 1862 1308 1913 propriam
1340 1861 1481 1901 fecerit.
1512 1861 1640 1903 Editio

544 1917 756 1970 puriffima,
780 1930 867 1956 cum
885 1914 1014 1955 Indice
1037 1915 1342 1968 locupletissimo.
1369 1916 1568 1965 Salmufii,
1591 1929 1642 1956 ex

545 1971 649 2024 typis
670 1971 770 2010 Petri
791 1969 968 2009 Piededii.

543 2025 737 2076 Bizstlienfis
770 2024 816 2069 V,
847 2034 1013 2076 quatuor
1039 2023 1330 2071 voluminibus,
1364 2024 1463 2076 apud
1497 2023 1640 2064 Sebast.

546 2077 796 2131 Henricpetri.
813 2077 945 2128 Quam
955 2077 1124 2117 Reitzius
1137 2079 1173 2116 in
1186 2077 1300 2129 praef.
1311 2091 1465 2130 quartam
1477 2079 1642 2128 putavit.

390 2132 490 2186 1687
545 2131 785 2184 Amflelodami
800 2161 811 2176 ‚
834 2132 868 2169 8.
888 2130 923 2170 ΙΙ
948 2130 1040 2170 voll.
1064 2131 1219 2170 Luciani
1244 2131 1514 2171 Samosatenfis
1531 2131 1641 2185 Ope—

543 2200 611 2234 ra,
636 2199 684 2224 ex
709 2183 883 2224 versione
902 2184 1053 2224 Ioannis
1073 2184 1275 2224 Benedicti.
1301 2184 1403 2225 Cum
1425 2186 1528 2225 notis
1546 2187 1643 2225 inte-

544 2241 622 2292 gris
641 2239 699 2280 Io.
714 2238 950 2278 Bourdelotii
964 2269 975 2286 ‚
1002 2237 1076 2278 Iac.
1095 2239 1267 2278 Palmerii
1292 2252 1314 2278 a
1340 2238 1618 2279 Grentemesnil
1631 2271 1646 2289 ‚

547 2295 646 2334 Tan.
660 2293 786 2338 Fabri,
798 2292 890 2344 Aeg.
906 2293 1094 2344 Menagst,
1115 2292 1246 2332 Franc.
1259 2292 1405 2339 Guieti,
1425 2293 1479 2332 Io.
1494 2292 1642 2346 Georg.

545 2349 708 2393 Graevii,
729 2346 805 2386 Iac.
832 2346 1050 2394 Gronovii‚
1073 2346 1203 2385 Lamb.
1220 2345 1366 2385 Barlaei
1380 2377 1392 2392 ‚
1410 2344 1484 2386 Iac.
1502 2346 1643 2395 Tollii,

545 2401 588 2441 δι
605 2401 748 2442 seleffls
774 2401 950 2439 aliorum.
979 2400 1178 2439 Accedunt
1193 2400 1333 2438 inedita
1347 2399 1498 2439 Scholia
1515 2400 1552 2438 in
1564 2401 1644 2440 Lu—

546 2456 699 2496 cianum
726 2467 773 2494 ex
796 2453 1029 2493 Bibliotheca
1050 2452 1162 2492 lsaaci
1178 2453 1314 2492 Voffii.
1338 2453 1493 2493 Amstel.
1510 2467 1559 2493 ex
1576 2465 1644 2505 ty·

548 2522 661 2562 pogr.
687 2508 727 2547 P.
749 2508 787 2546 δι
806 2507 834 2546 1.
855 2507 971 2546 Blaeu
986 2537 996 2550 ‚
1025 2507 1138 2559 prost.
1163 2520 1221 2556 ap.
1241 2505 1480 2559 Woffigang,
1498 2506 1644 2547 Ianss'o-

556 2563 626 2610 nio
639 2562 949 2615 -VWaesbergios
970 2561 1045 2602 διε.
1064 2583 1108 2592 --
1137 2560 1260 2601 Editio
1282 2562 1458 2601 omnium
1476 2560 1647 2601 vitiosis·
1664 2584 1665 2587 =
