1981 3383
624 241 685 277 [ν’
889 226 991 271 DE
1032 222 1603 281 AETATE,VJTA

686 338 901 384 Lucianus
933 331 1276 390 samosatensis,
1314 343 1630 395 cognomento
1661 333 1875 394 blasphe-

624 419 729 450 mus
748 434 760 456 ,
792 401 881 444 slve
904 397 1182 452 maledicus,
1211 409 1291 443 aut
1308 399 1470 442 atheus
1496 396 1654 457 potius
1669 399 1876 457 appella-

624 480 723 520 ωε,
756 480 811 509 eo
838 462 976 522 quod
998 462 1046 505 in
1075 461 1278 522 Dialogis
1300 462 1388 506 suis
1406 461 1600 506 ridicula
1630 461 1768 506 etiam
1798 463 1874 507 illa

624 530 709 574 esse
727 527 951 589 proponit
968 561 980 582 ,
1000 542 1120 585 quae
1140 526 1198 569 de
1220 527 1357 570 rebus
1377 525 1542 570 divinis
1562 524 1603 569 Sc
1621 525 1747 569 sacris
1767 542 1875 586 pro-

622 595 720 638 dita
739 594 859 637 sunt.
884 583 1067 635 Dicitur
1085 596 1243 634 autem
1261 589 1417 634 vixisse
1441 589 1732 649 temporibus
1755 589 1876 636 Tra-

624 658 716 702 iani
735 655 948 711 Caesaris,
976 654 1016 698 Sc
1040 654 1269 713 deinceps.
1300 654 1521 698 Ceterum
1544 653 1632 698 suit
1656 654 1714 698 ab
1737 654 1876 699 initio

622 721 902 775 causidicus,
935 718 1237 773 Antiochiae,
1272 733 1393 777 quae
1427 718 1474 761 in
1508 716 1636 777 Syria
1670 718 1757 766 est;
1792 718 1876 762 sed

623 802 735 831 cum
762 802 811 829 (a
844 800 910 827 res
947 782 1011 826 illi
1041 797 1139 826 non
1177 782 1275 826 satis
1306 797 1363 825 ex
1398 781 1623 826 sententia
1657 781 1875 827 succede-

621 862 721 905 ret,
761 849 818 892 ad
852 846 1148 891 scribendum
1182 845 1270 889 sese
1305 847 1566 901 convertit,
1600 845 1875 906 scripsitque

619 914 739 958 adeo
761 912 954 956 infinita.
992 909 1166 954 Obiiss‘e
1184 921 1340 954 autem
1362 909 1512 969 ipsum
1530 944 1542 965 ‚
1568 908 1688 954 fama
1719 909 1780 954 est
1798 943 1811 965 ‚
1846 927 1875 956 a

620 978 812 1022 canibus
827 977 1075 1019 laceratum
1090 1008 1101 1029 ,
1130 975 1357 1033 quoniam
1384 973 1424 1017 8:
1447 985 1607 1018 contra
1629 974 1876 1019 veritatem

618 1044 752 1087 velut
777 1040 950 1084 rabiem
978 1037 1255 1084 exercuiss'et.
1288 1037 1407 1081 Nam
1437 1038 1485 1081 in
1516 1039 1610 1082 vita
1640 1038 1875 1100 Peregrini

621 1104 1016 1150 Christianismum
1049 1118 1247 1161 quoque
1271 1099 1513 1146 insechtur
1529 1136 1541 1157 ,
1566 1101 1718 1161 ipsum
1741 1102 1876 1147 Chri-

620 1171 740 1213 stum
773 1167 1108 1213 contumeliose
1132 1165 1331 1221 incess‘it,
1355 1166 1563 1210 scelestus
1587 1166 1676 1210 ille.
1712 1166 1877 1232 Quare

621 1233 664 1278 8<
683 1234 823 1277 rabiei
845 1232 968 1276 istius
986 1247 1159 1290 poenas
1186 1230 1455 1274 sufficientes
1485 1230 1534 1274 in
1560 1230 1785 1290 praesenti
1805 1229 1877 1274 vi-

622 1312 668 1342 ta
706 1297 863 1351 dedit,
902 1294 941 1340 Sc
968 1296 1015 1340 in
1044 1294 1258 1340 futurum
1282 1295 1410 1338 heres
1440 1295 1614 1339 aeterni
1642 1294 1756 1357 ignis
1783 1309 1876 1338 una

624 1379 733 1406 cum
753 1362 917 1406 Satana
945 1360 1039 1404 erit.
1069 1359 1196 1403 Haec
1223 1360 1309 1402 ille.
1330 1358 1479 1403 Addit
1507 1369 1665 1402 autem
1687 1358 1877 1403 Volate-

622 1443 759 1470 ranus
777 1460 788 1479 ,
817 1425 970 1469 nescio
997 1439 1094 1483 quo
1119 1421 1329 1467 autlote:
1361 1439 1468 1468 cum
1503 1423 1560 1467 ab
1588 1423 1720 1466 initio
1742 1422 1878 1467 Chri-

624 1491 808 1540 stianus
818 1487 968 1533 suisset
983 1522 995 1543 >
1014 1488 1169 1548 postea
1195 1486 1400 1532 eiusdem
1421 1487 1652 1548 religionis
1673 1487 1877 1532 deserto-

622 1571 722 1598 rem
749 1550 923 1596 saelum
946 1551 1030 1595 effe
1047 1586 1059 1606 ,
1088 1547 1379 1595 dielitantem
1405 1550 1449 1595 se
1467 1551 1585 1595 nihil
1604 1566 1662 1595 ex
1684 1567 1736 1595 ea
1762 1566 1877 1596 con-

622 1619 862 1672 secutum,
893 1632 1038 1674 quam
1065 1615 1199 1675 quod
1225 1631 1404 1660 nornen
1433 1604 1874 1675 ipsius'corruptum

625 1682 732 1726 effet
749 1715 762 1737 ,
783 1696 840 1724 ex
856 1681 1012 1727 Lucio,
1033 1680 1248 1724 Lucianus
1273 1676 1461 1724 saelum.
1491 1679 1599 1724 Fuit
1619 1691 1776 1724 autem
1794 1678 1877 1725 Sa-

621 1746 819 1800 mosata,
839 1756 893 1788 ut
915 1745 1006 1789 hoc
1025 1760 1223 1803 quoque
1243 1743 1468 1788 addamus
1481 1777 1493 1799 ‚
1524 1744 1632 1789 urbs
1657 1760 1756 1789 non
1773 1746 1877 1790 lon·-

621 1826 678 1872 ge
711 1810 768 1854 ab
806 1808 1043 1867 Euphrate
1077 1808 1185 1864 sita,
1222 1808 1559 1871 Commagenes
1586 1810 1873 1870 metropolis.
1922 1843 1926 1851 .

618 1874 795 1918 Plinius
815 1872 855 1917 Sc
879 1872 1153 1932 Stephanus.

687 1938 814 1982 Haec
837 1938 1005 1997 partim
1026 1954 1157 1993 vera,
1187 1936 1354 1996 partim
1382 1936 1484 1982 ficia
1510 1938 1752 1997 aliquanto
1774 1954 1876 1984 me-

620 2002 708 2047 lius
734 2002 1000 2060 exsequitur
1018 2002 1341 2048 Bourdelotius,
1367 2001 1563 2046 Luciani
1584 2003 1730 2048 vitam
1754 2003 1876 2048 hisce

618 2067 769 2112 verbis
794 2066 1108 2110 conscribens:

683 2132 868 2175 Lucz'anz'
887 2125 1204 2175 Samosatensis
1218 2129 1488 2192 Philosophi
1514 2132 1658 2177 vitam
1681 2131 1876 2192 scriptu-

619 2212 729 2240 rum
746 2229 758 2251 ‚
793 2210 884 2254 ope
913 2195 1093 2239 summa
1120 2196 1206 2239 niti
1227 2196 1388 2252 decet,
1420 2212 1480 2240 ne
1505 2209 1680 2241 temere
1702 2198 1876 2241 volun-

618 2261 702 2305 tati
728 2259 768 2304 Sc
792 2259 1008 2318 opinioni
1035 2275 1198 2303 eorum
1217 2260 1430 2305 videatur
1448 2259 1666 2308 assentiri,
1687 2261 1772 2320 qui
1794 2277 1875 2325 ag·-

618 2324 744 2386 gressi
763 2320 982 2369 hastenus
1002 2323 1106 2368 falsa
1124 2323 1239 2368 veris
1257 2324 1541 2369 miscuerunt
1557 2358 1569 2381 ,
1588 2324 1627 2368 86
1648 2340 1707 2370 ex
1727 2325 1875 2370 tribus

618 2391 696 2434 vel
718 2389 930 2449 pluribus
954 2389 1092 2433 huius
1111 2389 1314 2433 nominis
1333 2390 1408 2434 vel
1427 2389 1689 2434 rhetoribus
1705 2391 1782 2434 vel
1798 2389 1871 2435 so-

618 2454 775 2514 phistis
791 2487 802 2509 ,
828 2454 972 2515 longo
993 2454 1112 2498 inter
1131 2453 1174 2497 se
1194 2454 1438 2498 intervallo
1463 2454 1754 2510 viventibus,
1775 2454 1874 2500 Lu·

618 2517 735 2564 ciani
760 2518 900 2567 nostri
921 2518 1065 2565 vitam
1094 2530 1358 2569 texuerunt.
1393 2517 1578 2579 SuidaS,
1606 2519 1689 2580 qui
1716 2535 1774 2569 ex
1789 2535 1872 2565 an-
