1737 3378
391 174 490 222 ΙΝ
557 174 1057 222 SOMNIUM.
1257 177 1348 242 189

92 272 138 309 σῇ
162 259 402 313 θεασάμενος
422 264 498 302 Δία
518 263 697 317 ’γενέσθαι
726 263 880 304 masiae
903 263 1147 314 ἐπεθύμησεν,
1167 264 1265 307 anthr
1282 263 1349 306 ‘'H-⁷

92 327 156 365 ραν
179 313 244 353 τὴν
267 315 300 354 ἐν
314 312 446 368 Ἄργει
459 347 471 365 ,
489 316 749 355 Πολύκλειτος·
773 330 872 369 quae
893 317 1103 370 sequuntur
1117 349 1129 365 ‚
1150 332 1197 358 an
1212 321 1348 360 Lucia-

92 379 185 406 num
207 367 298 406 item
313 369 487 409 habitura
505 369 576 408 sint
595 369 897 422 adstipulatorem
911 401 924 416 ‚
936 371 1046 409 -haud
1069 371 1166 411 scio:
1191 369 1269 412 οὗθ’
1288 375 1348 414 ’A-

91 422 245 512 vlveienpe'cov
261 423 279 461 ἢ
303 420 503 472 Φιλιῖμωνῆ
523 423 752 476 Ἀρχίλοχος
766 420 891 463 ἔνο-θεὶς
905 421 1027 462 αὐτῶν
1047 425 1126 463 τοῖς
1145 427 1346 479 ποιήμασι.

138 484 258 514 EMST.

158 527 194 565 in
221 530 335 567 Schol.
355 530 417 568 col.
450 543 483 568 1.
510 530 533 567 l.
573 541 603 580 5.
630 528 671 568 ‘0
696 528 857 582 λαγὼς)
879 528 922 567 In
954 528 1066 569 Galei
1090 530 1346 575 Colle&aneis

91 581 283 631 quaedam
305 594 353 621 ex
378 583 499 621 veteri
522 582 665 621 Codice
691 581 778 621 sunt
801 581 1009 635 descripta,
1032 583 1102 621 alia
1123 587 1284 626 recentis
1304 588 1347 628 &

95 633 220 672 multo
241 634 439 674 deterioris
460 646 572 674 notae
589 636 636 674 ab
655 635 752 675 Italo
773 635 950 683 homine,
973 646 1016 674 ut
1033 637 1226 676 nonnullis
1248 640 1347 679 indi-

90 686 162 725 ciis
176 687 455 739 deprehendiffe
474 689 565 727 mihi
584 689 739 735 videor,
759 689 874 728 adlita
886 720 896 736 ‚
915 689 1042 728 mixtis
1061 690 1158 729 inter
1171 691 1348 740 Graeca,

92 740 201 779 velut
221 741 371 780 ludendi
389 741 523 789 causa,
543 743 704 782 Latinis:
727 756 828 795 quae
849 754 1074 796 propterea,
1096 744 1185 796 quia
1208 745 1346 798 religio

89 803 172 832 erat
189 794 345 834 vetustis
358 795 516 835 Scholiis
537 796 698 836 inserere
713 826 722 840 ‚
740 798 777 835 in
795 796 1123 836 Annotationibus
1143 800 1344 839 contextui

91 845 284 887 Lucianeo
311 847 465 888 subieci.
488 851 577 890 Hoc
605 850 725 903 ipsum
754 863 912 903 quoque
934 863 982 889 ex
1012 849 1081 889 isto
1108 863 1264 902 genere,
1283 852 1346 892 sed

94 898 245 940 Graece
267 911 393 942 tamen
414 902 613 956 scriptum:
637 916 738 957 quae
759 903 870 943 causa
888 903 941 943 est
950 909 967 949 ‚²
980 916 1048 943 cur
1074 903 1175 943 sedes
1197 916 1347 946 mutare

91 966 173 993 non
196 955 371 995 iufferim.
393 956 605 996 Philostrati
626 957 755 997 locum
776 969 959 1010 quaerat,
977 958 1039 997 cui
1061 957 1182 998 lubet:
1205 971 1280 1011 ego
1304 961 1346 1000 in

91 1008 291 1060 Apollonii
305 1011 417 1057 Vita,
439 1011 545 1063 quod
561 1012 605 1050 ad
621 1011 695 1051 hoc
719 1011 968 1064 proverbium
989 1010 1119 1059 faciat,
1140 1011 1186 1051 de
1211 1013 1347 1067 lepore

89 1062 296 1114 quidquam
317 1077 377 1103 me
390 1065 517 1117 legiffe
531 1078 609 1104 non
628 1065 886 1104 commemini.
907 1066 1069 1103 HEMST.

147 1116 227 1156 ibid.
248 1118 311 1156 col.
338 1133 374 1156 2.
400 1120 423 1156 l.
455 1134 489 1157 2.
516 1121 562 1155 Tb
588 1118 892 1168 ἀπροσὸόκητον)
914 1119 1022 1158 Haec
1042 1118 1200 1158 totidem
1216 1121 1351 1161 verbis

90 1167 273 1220 leguntur
294 1171 334 1209 in
354 1171 466 1210 Suida
489 1171 529 1211 &
551 1171 807 1224 Etymologo:
829 1172 934 1224 apud
956 1185 1070 1225 quem
1093 1172 1186 1211 illud
1208 1176 1346 1224 etiam,

88 1223 198 1275 quod
217 1223 394 1264 Vorstius
411 1224 609 1279 adscripfit.
636 1226 800 1264 Hmsw.

147 1277 236 1330 Pag.
262 1292 277 1316 1
290 1292 321 1316 1.
345 1280 368 1318 l.
389 1293 422 1318 2.
448 1275 532 1318 Οῗος
553 1281 632 1332 ‘stag’
655 1278 698 1319 ἂν
723 1274 781 1332 ἷς)
801 1281 963 1318 Summus
985 1293 1146 1332 quantum
1165 1282 1257 1320 voles
1268 1284 1346 1336 stae

23 1358 29 1364 .
91 1340 234 1370 luanus.
253 1331 391 1371 BROD.

144 1386 225 1423 ibid.
238 1386 443 1439 Βάνοιυσος)
456 1387 668 1425 sedentarius
679 1386 814 1426 Plauto
827 1386 863 1424 in
878 1385 969 1425 Aul.
980 1385 1050 1435 III,
1068 1399 1100 1439 ς,
1123 1401 1183 1440 39.
1196 1388 1302 1430 FAY.

141 1438 221 1476 ibid.
243 1439 451 1493 Χειρώναξ)
476 1440 605 1493 Χειρῶν
632 1440 757 1492 ἀναξ,
786 1439 919 1492 μόναις
949 1441 1036 1480 ταῖς
1057 1442 1170 1492 χερσὶ
1197 1441 1348 1482 semea

89 1491 173 1543 ζων.
191 1492 314 1532 Aliter
332 1494 500 1545 Hesych.
516 1495 687 1533 Eoum).

145 1549 220 1584 ead.
240 1548 264 1584 l.
295 1561 326 1598 5.
350 1547 706 1600 Ἀπαγγέλλουσα)
727 1547 844 1587 Aliud
872 1547 1090 1599 exemplar,
1116 1548 1344 1602 ἀπαγγελῶ

90 1598 132 1638 δι
152 1600 348 1648 ἀποφανῶ.
370 1602 508 1641 BROD.
526 1601 612 1640 Mff.
630 1602 668 1640 &
690 1601 806 1654 Angl.
825 1602 1067 1655 ἀπαγγελῶ.
1093 1602 1132 1640 Id
1149 1603 1246 1642 Cod.
1270 1616 1344 1656 pro

90 1652 351 1700 ἀποφαίνουσα
364 1685 374 1701 ‚
395 1655 586 1703 ἀποφανῶ.
606 1656 778 1694 BOURD.

144 1710 217 1746 ead.
236 1709 258 1746 l.
281 1722 318 1757 7.
337 1710 404 1748 Τὴν
423 1708 470 1759 ψ.
488 1709 577 1759 ὅπερ
597 1724 651 1748 σοι
673 1723 748 1759 κως.
765 1708 859 1761 Sec.)
878 1707 1069 1747 Videntur
1087 1708 1145 1748 hic
1160 1709 1344 1763 interpre-

89 1770 147 1799 tes
166 1774 332 1800 mentem
358 1763 514 1802 Luciani
529 1776 665 1816 parum
684 1762 919 1809 intellexisse,
945 1763 1100 1814 quando
1124 1775 1345 1813 verterunt,

90 1815 240 1854 asu'mum
252 1846 266 1862 ‚
287 1831 371 1868 quae
393 1818 442 1855 tui
458 1831 543 1870 pars
563 1819 606 1870 est
625 1817 806 1869 praecipua
819 1846 832 1862 ,
853 1817 968 1855 multis
986 1831 1028 1855 ac
1040 1817 1225 1869 praeclaris
1242 1834 1344 1856 orna-

90 1869 209 1908 mentis
232 1873 410 1909 exornabo.
441 1871 591 1923 Negare
617 1871 769 1923 quidem
796 1870 1002 1915 nolumus,
1023 1869 1139 1921 κύριον
1169 1870 1216 1910 sc.
1237 1872 1346 1923 μέρος

87 1921 299 1974 significare
309 1937 437 1977 partem
447 1925 681 1977 praecipuam,
695 1937 822 1977 neque
835 1925 950 1963 etiam
960 1953 970 1970 ‚
986 1925 1152 1962 animum
1169 1924 1242 1964 effe
1257 1939 1344 1978 par-

92 1985 170 2014 tem
192 1976 359 2017 hominis
383 1979 650 2032 praecipuam:
684 1977 744 2016 sed
769 1977 1046 2026 existimamus,
1076 1978 1166 2016 illud
1188 1979 1247 2018 hic
1270 1980 1347 2020 loci

87 2029 140 2069 ab
158 2029 322 2070 aucloris
337 2033 549 2072 intentione
574 2032 737 2071 alienum
763 2031 836 2071 effe
852 2062 862 2076 ‚
888 2032 955 2084 qui
972 2032 1065 2071 haec
1090 2032 1230 2073 verba,
1255 2033 1347 2085 ὅπερ

91 2097 148 2122 σοι
171 2084 394 2136 κυριώτατόν
421 2086 522 2132 ἐστι,
538 2099 617 2125 non
641 2085 779 2125 referre
802 2085 929 2125 voluit
951 2086 998 2124 ad
1011 2086 1181 2124 animum
1194 2116 1206 2134 ,
1222 2085 1281 2125 sed
1297 2088 1345 2127 ad

87 2138 339 2178 commodum
351 2171 362 2187 ‚
376 2140 481 2192 quod
496 2141 555 2180 hic
571 2141 754 2194 proponit
766 2155 774 2179 :
786 2140 836 2178 ita
849 2140 1020 2192 quidem,
1036 2140 1171 2178 Deinde
1187 2139 1243 2192 (id
1252 2144 1346 2193 quod

92 2192 153 2230 tibi
169 2193 384 2245 praecipuum
401 2197 443 2247 est
449 2207 581 2245 praeter
595 2196 717 2241 cetera)
739 2194 886 2232 animum
902 2206 995 2232 tuum
1009 2194 1124 2232 multis
1137 2206 1235 2245 atque
1245 2208 1346 2244 prae-

87 2246 193 2284 claris
212 2248 411 2286 ornamentis
428 2251 607 2288 exornabo.
622 2250 866 2287 VITRINGA.
892 2247 1085 2285 Aberrant
1105 2247 1259 2299 quidem
1283 2249 1347 2287 in-

87 2311 270 2352 terpretes
293 2301 341 2340 ab
361 2301 430 2341 hac
454 2302 640 2350 leffione,
665 2312 708 2341 ut
731 2301 1001 2340 animadvertit
1025 2301 1122 2340 Hor.
1138 2302 1317 2353 Vitringa
1332 2332 1345 2350 ‚

87 2357 199 2397 cuius
213 2356 459 2408 explicationi
475 2357 622 2396 videtur
638 2357 772 2396 :meror
787 2355 968 2394 accedere
982 2354 1157 2393 Budaeus
1172 2353 1217 2394 C.
1235 2355 1275 2393 L.
1292 2355 1343 2395 G.

90 2423 128 2463 p.
150 2425 196 2463 43
213 2423 226 2456 ;
244 2422 325 2449 non
343 2422 467 2449 tamen
489 2423 511 2449 a
530 2410 689 2450 Luciani
709 2421 859 2448 mente:
881 2408 1082 2461 pollicet-ur
1096 2409 1195 2447 enim
1211 2408 1346 2447 Erudi-

86 2465 169 2515 tio,
188 2462 225 2504 se
248 2464 447 2514 animum,
470 2477 569 2520 quae
591 2476 678 2518 pars
701 2464 783 2503 eius
802 2462 847 2502 fit
870 2462 985 2515 longe
1007 2460 1317 2516 praestantiffima
1331 2491 1347 2517 ᾗ
