1737 3378
395 245 487 291 λῃ
594 216 1466 266 ΑΝΝΟΤἊΤΙΟΝΕΞ

440 314 520 352 ibid.
540 311 598 347 Τὲι
613 307 684 348 τῶν
699 305 829 348 ἳππων
844 306 1028 359 ὀνόματα)
1055 305 1120 346 De
1139 305 1280 359 quibus
1306 319 1424 359 quam
1441 305 1574 361 cupide
1590 307 1670 351 ser.-
1721 326 1725 327 ν

388 378 526 407 mones
542 363 769 409 habuerint,
790 362 964 415 egregius
983 360 1147 400 ostendit
1170 360 1253 399 loh.
1267 359 1533 412 Chrysostomi
1555 363 1669 404 locus

388 421 438 460 T.
457 421 510 464 V,
533 417 592 457 ed.
615 417 672 456 Et.
694 431 729 470 p.
759 431 856 469 315:
886 416 951 454 καὶ
977 414 1009 453 οἱ
1030 413 1098 464 μὲν
1123 416 1214 467 πρὸς
1237 413 1305 454 τὴν
1332 416 1483 466 θεωρίαν
1503 414 1569 455 τῆς
1592 417 1670 458 τῶν
1719 448 1721 450 -

388 471 520 513 ἰ’ττετων
543 470 710 521 ἁμίλλης
729 470 946 519 ἐπτοημένοι
975 469 1040 507 καὶ
1064 467 1231 518 ὀνόματα
1253 469 1318 506 καὶ
1342 470 1489 521 ἀγελην
1510 470 1577 508 καὶ
1598 470 1671 524 γε’-
1723 471 1726 474 ’

390 541 445 569 νος
463 527 528 566 καὶ
552 524 729 578 πατρίέα
746 524 811 562 καὶ
828 521 1030 575 ἀνατροφὴν
1052 521 1124 560 τῶν
1143 519 1276 561 ἳππων
1297 520 1450 574 ἔχουσιν
1469 522 1586 562 εἰπεῖν
1597 538 1671 574 με-

389 583 444 620 τὰ
473 580 660 632 ἀκριβείας
687 578 866 623 ἁπάσης,
902 577 967 616 καὶ
998 577 1060 615 ἔτη
1089 574 1178 626 ζωῆς
1203 575 1268 614 καὶ
1298 575 1484 629 ἐνεργείας
1507 574 1670 629 ἒρόμων.

388 634 491 689 Equi
527 632 818 688 praestantiores
847 630 924 670 suis
956 630 1180 669 nominibus
1205 627 1370 682 insigniti
1402 630 1478 668 iam
1509 631 1594 670 inde
1617 631 1670 671 ab

389 689 564 729 heroicis
587 686 853 739 temporibus·‚
879 697 1003 737 neque
1027 697 1094 738 per
1114 682 1305 723 curiosam
1325 694 1501 723 veterum
1518 684 1672 738 diligen-

391 745 484 782 tiam
516 755 590 781 nos
614 741 733 794 fugit,
760 739 1087 792 quemadmodum
1113 738 1226 791 primi
1249 737 1533 790 Hippodamiae
1562 739 1674 792 proci
1714 742 1718 745 '

390 797 599 837 Marmacis
626 806 749 847 equae
769 792 911 832 fuerint
938 791 1172 845 appellatae:
1196 791 1273 830 vid.
1301 790 1458 830 Pausan.
1478 792 1562 841 VI,
1583 805 1672 847 pag.

399 865 485 900 507.
510 850 620 889 Plura
640 849 785 887 dabunt
800 846 1055 898 Lindenbrog.
1080 846 1126 884 ad
1147 847 1276 884 Amm.
1298 845 1506 890 Marcellin.
1552 876 1561 885 .
1580 845 1672 900 385,

391 905 424 945 Ι.
447 902 680 945 Gothofred.
700 903 745 942 ad
762 900 860 941 cod.
881 898 1077 939 Theodos.
1107 899 1184 938 XV
1208 899 1286 938 Tit.
1310 899 1369 943 X,
1391 899 1419 938 1.
1445 900 1494 939 A.
1518 860 1672 940 Fabric.

394 959 446 997 ad
462 959 564 997 Sext.
582 957 724 1010 Empir.
746 969 782 1008 p.
801 968 858 1005 19·
874 953 1008 1006 Equus
1021 953 1209 992 Hadriani
1220 952 1482 1004 Borysthenes
1496 953 1550 992 est
1571 954 1675 1008 apud

393 1012 518 1052 Dion.
547 1009 646 1050 Cass.
670 1024 707 1062 p.
724 1022 801 1062 792
829 1007 882 1047 D.
909 1009 949 1047 &
974 1008 1013 1046 in
1030 1007 1155 1060 Epigr.
1180 1005 1276 1045 Pith.
1299 1020 1336 1060 p.
1364 1020 1449 1046 121.
1473 1006 1676 1062 Phosph'oe

393 1079 461 1106 rus
480 1065 642 1105 Ausonii
664 1064 762 1117 Epir.
784 1074 843 1116 35.
876 1062 1039 1100 Heius-r.

453 1120 542 1172 Pag.
567 1120 664 1173 525²·
687 1133 720 1171 3.
736 1115 1009 1168 Ἐπείληπτοω)
1027 1115 1136 1154 Haec
1155 1112 1291 1153 ultima
1319 1113 1441 1154 verba
1460 1114 1560 1156 male
1580 1125 1676 1156 ver-‘

393 1173 441 1213 tit
461 1173 660 1225 Micyllus.
684 1170 929 1211 Vertendum
950 1179 1051 1209 erat:
1080 1169 1228 1214 multos,
1243 1167 1300 1220 qui
1323 1181 1446 1220 graves
1468 1169 1533 1222 effe
1556 1171 1676 1211 viden-

397 1240 478 1275 tur,
507 1227 696 1278 occupavit.
724 1224 859 1264 PALM.
886 1224 988 1263 Male
1010 1221 1216 1273 Micyllus:
1244 1222 1320 1260 [am
1341 1222 1375 1261 δ’
1395 1223 1519 1263 multos
1536 1240 1647 1264 eorum
1659 1255 1676 1272 ,

396 1283 456 1335 qui
479 1297 542 1335 pro
559 1281 719 1335 studiosis
745 1294 787 1318 ac
815 1278 979 1329 gravibus
1006 1279 1194 1323 habentur,
1223 1276 1488 1329 reprehendebat.
1520 1300 1566 1308 —
1592 1281 1676 1332 pari

395 1337 507 1390 lapsu
528 1334 777 1375 Benedifflis:
808 1333 902 1383 Quin
924 1331 1022 1370 etiam
1047 1330 1188 1376 multos,
1208 1331 1266 1382 qui
1283 1345 1347 1383 pro
1370 1332 1534 1384 gravibus
1559 1333 1678 1374 haberi

397 1391 519 1430 volunt
532 1420 544 1435 ‚
564 1388 824 1442 reprehendebat.
857 1385 957 1424 Nam
983 1385 1024 1424 &
1043 1383 1170 1424 versio
1190 1383 1402 1423 Lucianum
1419 1397 1501 1425 non
1514 1384 1680 1440 affequi-

397 1456 489 1492 tur,
515 1444 555 1483 δι
580 1442 679 1482 male
706 1440 906 1494 periodum
936 1439 1036 1478 hanc
1064 1438 1211 1478 maiore
1237 1436 1476 1479 distinc‘tione
1494 1439 1543 1480 ab
1565 1453 1678 1495 prae-

398 1498 560 1538 cedente
585 1496 770 1549 separant.
790 1493 862 1533 Sed
885 1505 956 1533 nec
977 1493 1073 1532 bene
1095 1491 1324 1531 Palmerius:
1347 1494 1499 1540 multos,
1516 1496 1573 1547 qui
1592 1508 1677 1547 gra-

399 1568 460 1590 ves
487 1551 549 1604 effe
577 1549 758 1595 videntur,
781 1548 971 1600 occupavit.
1014 1546 1068 1585 At
1103 1557 1210 1585 mens
1243 1545 1402 1586 Luciani
1430 1546 1505 1588 est:
1534 1549 1678 1590 Multus

401 1607 485 1645 enim
495 1597 653 1660 ‘profic-‘lo
681 1605 726 1656 est
747 1603 782 1641 in
806 1602 898 1655 equis
911 1600 1015 1653 ficror
1026 1630 1039 1647 ‚
1063 1600 1097 1639 ἃ*
1121 1600 1267 1646 multos,
1292 1600 1351 1653 qui
1369 1615 1494 1654 graves
1514 1603 1679 1643 videban-

401 1673 460 1699 tur
482 1661 571 1714 effe,
594 1657 764 1710 redarguit
772 1672 788 1703 ;
816 1669 886 1695 eos
914 1667 1005 1694 cum
1030 1666 1170 1708 graves
1195 1653 1316 1693 videri
1339 1654 1510 1706 vellent,
1535 1658 1682 1711 proba-

400 1715 460 1754 vit
481 1726 624 1759 vanos,
652 1712 692 1751 δι
713 1724 802 1751 cum
829 1710 1011 1749 deberent
1035 1717 1325 1762 contemptores
1348 1707 1490 1750 horum
1515 1709 1612 1759 effe,
1638 1712 1681 1753 in

401 1767 531 1808 iisdem
552 1766 664 1820 nugis
686 1764 847 1805 insanire
872 1763 1048 1803 ostendit.
1077 1762 1185 1815 Quia
1207 1773 1338 1802 autem
1362 1763 1399 1801 in
1422 1765 1685 1817 praecedenti-

401 1822 477 1863 bus
500 1824 554 1862 ait
577 1821 767 1860 Lucianus
787 1819 831 1858 de
847 1830 1040 1871 equorum
1062 1817 1307 1864 nominibus,
1331 1829 1410 1856 non
1431 1820 1568 1872 potui,
1584 1814 1683 1874 qfiin

405 1878 453 1916 ad
475 1877 558 1916 eius
582 1874 873 1914 illustrationem
896 1872 956 1911 hic
981 1883 1217 1924 apponerem
1239 1869 1544 1924 inscriptionem,
1561 1886 1683 1926 quam

404 1944 456 1971 ex
477 1930 621 1970 schedis
643 1927 882 1968 Peirescianis
906 1927 1146 1979 depromtam
1170 1924 1383 1978 publicavit
1409 1927 1601 1967 excellens
1616 1940 1684 1968 an-

403 1985 596 2038 tiquitatis
617 1983 760 2023 vindex
783 1981 858 2021 Iac.
886 1980 1078 2033 Sponius,
1104 1992 1196 2018 cum
1222 1979 1268 2018 ad
1294 1979 1473 2021 auflores
1496 1981 1686 2036 interpre-

406 2040 548 2078 tandos
578 2037 671 2078 haec
697 2034 896 2078 vetustatis
925 2035 1056 2087 imago
1087 2033 1218 2074 vivam
1244 2032 1326 2074 fere
1347 2034 1428 2074 vim
1447 2033 1593 2076 afferat.
1622 2035 1678 2076 Ea

407 2092 460 2134 fic
485 2092 625 2132 habet:

757 2167 768 2177 .
794 2167 804 2176 .
829 2141 859 2173 11
881 2140 1123 2174 PRAEMISIT
1146 2138 1201 2172 ET
1226 2138 1266 2173 C.
1291 2140 1334 2172 Τ.

729 2195 999 2230 OCCUPAVIT
1032 2195 1087 2227 ET
1112 2193 1198 2227 ClT.
1225 2193 1350 2231 CCCV

838 2247 1108 2282 INTROIUGIS
1131 2245 1263 2279 VICIT

452 2301 637 2336 SANIPPO
662 2301 787 2334 CINIS.
815 2300 846 2332 X
1119 2297 1293 2332 HILARO
1317 2298 1385 2333 AF.
1536 2299 1554 2334 Ι

454 2346 666 2380 AEGYPTO
691 2345 754 2381 PE.
828 2346 843 2378 l
1119 2343 1293 2376 MACUL.
1317 2343 1385 2376 AF.
1535 2344 1554 2378 1

455 2389 628 2424 PEGASO
651 2390 716 2423 AF.
826 2391 842 2423 Ι
1119 2388 1322 2429 AQUlLlN.
1348 2388 1416 2427 AF,
1535 2389 1554 2422 1

455 2434 646 2468 EUTONO
671 2434 736 2467 AF.
827 2435 842 2467 1
1121 2432 1294 2465 PEGASO
1320 2433 1386 2468 AF.
1532 2433 1551 2466 Ι

456 2477 656 2513 ADVOLA.
682 2478 747 2511 AF.
830 2479 845 2511 Ι
1120 2475 1313 2509 COTYNO
1335 2477 1402 2514 AF,
1535 2477 1552 2510 1

456 2523 628 2558 DROMO
652 2522 762 2559 HISP.
827 2523 845 2556 1
1122 2521 1219 2555 SlCA
1240 2520 1309 2556 AF.
1371 2549 1384 2558 .
1535 2522 1552 2555 1
