1737 3378
382 242 478 286 402
589 212 1465 268 ANNOTATIONES

350 325 360 346 ι
383 341 402 359 ¹.
439 309 514 347 ead.
530 307 553 346 I.
576 320 638 346 11.
659 303 814 353 Οὕτως)
835 307 958 346 Erunt
977 306 1102 352 forte,
1123 308 1189 359 qui
1209 306 1279 346 hac
1295 307 1366 346 sint
1380 306 1543 348 leffione
1562 321 1655 350 con-

386 364 492 401 tenti.
509 361 608 400 Mihi
624 361 750 400 multo
766 362 887 414 magis
907 361 1027 413 piam
1042 390 1052 404 ,
1073 362 1172 406 mm
1193 361 1418 412 καταλιπὼν
1437 358 1545 402 οὗτος
1565 363 1657 403 ἀτί·

386 429 500 455 στως·
518 415 584 454 ubi
597 428 737 468 magna
749 428 837 455 cum
856 415 994 453 invidia
1008 416 1127 468 repeti
1140 415 1248 454 vides
1260 414 1351 454 illud
1364 412 1483 455 οὗτος.
1495 414 1585 456 Alia
1596 429 1658 457 res

385 469 439 509 est
455 469 471 518 §
488 469 536 523 38
553 466 668 509 οὕτως
682 469 839 518 ἀτίμως.
853 469 1016 508 HEMST.
1661 485 1665 490 ·

403 556 406 559 .
440 524 531 576 Pag.
554 524 637 563 106.
650 524 673 561 l.
693 536 708 561 1
718 523 799 562 ,⁰0⁹
813 522 898 561 οὔτε
910 521 1032 572 κόλαξ
1045 521 1240 575 θωπεύων)
1255 521 1401 562 Similes
1412 521 1619 562 sententiae
1634 536 1658 563 a
1713 519 1717 522 ⁴

384 577 516 617 multis
538 575 741 629 congestae
765 577 811 615 ad
840 576 978 615 Matth.
1000 577 1149 628 Evang.
1164 576 1245 624 VI,
1266 589 1322 614 20.
1343 575 1527 615 Ceterum
1547 589 1660 629 egre-

386 633 470 683 gius
485 631 538 671 est
560 631 708 670 Teletis
721 629 832 670 locus
850 631 952 683 apud
974 630 1081 670 Stob.
1103 642 1189 682 pag.
1205 630 1276 681 69,
1297 629 1363 669 ubi
1384 629 1535 669 causam
1552 629 1659 670 suam

385 685 594 739 Paupertas
606 685 683 738 agit
696 683 879 724 adversus
894 685 1080 736 ingratos,
1098 684 1240 724 docens
1257 695 1495 736 quantorum
1508 696 1576 724 eos
1590 685 1662 725 bo-

385 752 528 780 norum
544 750 748 792 compotes
760 737 886 777 faciat.
903 739 1066 777 Herus-r.

439 795 521 832 ibid.
548 791 760 845 Θωπεὺων)
788 791 1023 837 Κολακεὺων,
1046 790 1389 844 &ffoe75v,1nterp.
1413 789 1659 845 Aristophan-

385 847 557 888 Acharn.
570 846 740 898 Hesych.
756 846 850 886 Bou
857 856 929 884 RD.

440 904 514 940 ead.
530 902 553 940 l.
568 915 606 952 9.
627 898 784 946 ‘Hssnffov
803 899 968 950 οἰμώζειν
987 897 1050 951 π.)
1078 899 1135 936 Ne
1149 898 1331 951 puberibus
1349 899 1479 952 quidem
1499 899 1660 952 exceptis.

384 955 525 994 Bnon.
541 953 692 994 Omnes
714 954 942 1007 interpretes
958 952 1006 990 ad
1018 950 1158 992 Iovem
1178 952 1272 991 haec
1286 954 1475 1005 pertinere
1489 953 1556 992 fibi
1571 965 1662 1006 per·

385 1008 604 1056 stlaserunt3
626 1021 670 1047 ac
691 1006 717 1046 fi
741 1008 882 1046 diceret
897 1007 1066 1046 Timon:
1090 1005 1243 1045 Plutum
1264 1005 1373 1045 suum
1402 1006 1468 1045 fibi
1485 1006 1665 1061 Iuppiter

385 1063 547 1102 habeat:
572 1062 643 1102 hac
664 1074 706 1101 re
724 1060 804 1100 sola
820 1061 912 1100 mihi
924 1071 1076 1114 poterat
1089 1058 1320 1112 gratificari,
1339 1060 1367 1098 sr
1385 1061 1559 1101 homines
1572 1061 1661 1100 uni-

386 1116 519 1157 versos
533 1116 751 1156 infortunio
766 1114 946 1154 maelaret
958 1131 966 1153 ε
978 1126 1023 1154 ac
1035 1125 1115 1153 tum
1131 1112 1220 1153 sane
1231 1113 1411 1166 liquidior
1423 1115 1556 1154 oratio
1568 1126 1662 1168 pro-

384 1171 537 1211 cederet
549 1172 601 1209 ita
613 1168 834 1215 constituta,
846 1168 925 1219 ἐμοὶ
939 1167 983 1208 s&
993 1166 1104 1206 τοῦτο
1118 1166 1257 1213 ἱκανὴν,
1272 1169 1310 1207 ἣν
1319 1183 1364 1207 π.
1377 1169 1415 1207 ὰ.
1431 1166 1461 1207 ἦ.
1473 1169 1546 1219 οἰμ.
1558 1164 1661 1208 oroni-

383 1239 474 1273 σαι,
494 1225 583 1274 vel,
602 1223 768 1263 ποιήσειε
781 1252 792 1270 ‚
811 1224 876 1262 vel
893 1220 1040 1270 ποιήσῃ.
1060 1221 1102 1261 Id
1120 1222 1274 1275 quidem
1301 1234 1382 1261 non
1403 1222 1517 1275 plane
1540 1232 1560 1262 r
1611 1234 1666 1262 u-*

383 1279 564 1319 diandum
589 1279 766 1325 videtur3
794 1275 922 1317 nescio
941 1288 1095 1323 tamen,
1115 1288 1163 1314 an
1185 1275 1300 1315 satius
1322 1275 1438 1316 fuerit
1462 1277 1509 1316 ad
1534 1277 1572 1329 ip
1591 1289 1661 1316 um

383 1333 594 1373 Timonem
614 1332 780 1377 referre,
802 1332 877 1370 hoc
898 1330 1024 1370 sensu:
1046 1331 1131 1383 Ego
1147 1331 1215 1370 hac
1230 1330 1266 1368 in
1286 1329 1489 1370 solitudine
1501 1329 1660 1370 aversus

384 1401 406 1425 a
431 1387 638 1440 conspeetu
665 1386 855 1425 malorum
870 1415 882 1431 ,
908 1396 1008 1438 quae
1029 1383 1157 1423 nostra
1184 1383 1257 1424 fert
1284 1395 1411 1432 aetas,
1433 1394 1667 1438 paupertate·

383 1453 494 1490 mea,
514 1442 579 1481 cui
598 1440 665 1479 isse
691 1440 769 1492 ligo
794 1438 976 1485 sufficiet,
997 1449 1203 1477 contentus
1225 1439 1378 1478 vivam:
1402 1449 1440 1477 at
1461 1450 1530 1485 tu,
1553 1439 1660 1478 Mer-

382 1495 467 1534 euri
482 1525 493 1542 ‚
517 1509 604 1535 cum
624 1494 690 1534 illo
705 1493 838 1541 Pluto,
857 1505 1028 1545 quocum
1041 1492 1136 1530 mihi
1159 1492 1250 1531 nihil
1265 1491 1339 1532 effe
1358 1505 1570 1532 commune
1584 1505 1660 1532 vo-

382 1548 445 1594 lo,
466 1550 556 1588 hinc
577 1562 614 1588 te
637 1549 924 1601 quamprimum
951 1545 1061 1586 aufer
1077 1546 1123 1585 ad
1137 1546 1294 1586 Iovem:
1316 1547 1406 1585 mihi
1425 1547 1471 1585 ad
1485 1547 1659 1586 animum

379 1602 616 1656 explendum
633 1603 709 1642 hoc
726 1603 885 1642 unicum
900 1600 1016 1641 fuerit
1030 1599 1135 1647 satis,
1153 1599 1181 1639 fi
1197 1600 1362 1640 cunctos
1382 1593 1564 1641 mortales
1576 1601 1660 1654 plo-

382 1669 470 1697 rare
486 1671 569 1698 non
591 1657 745 1711 quidem
763 1655 925 1701 iuffero,
946 1655 1006 1694 sed
1029 1668 1070 1695 re
1086 1668 1178 1694 vera
1192 1654 1334 1695 fecero.
1358 1654 1388 1694 F
1390 1655 1543 1695 ormula
1562 1654 1660 1695 sole·

382 1712 484 1751 mnis
505 1713 547 1752 δι
562 1723 679 1759 nota,
697 1713 831 1763 μακρὰ
849 1709 1010 1756 κλαίειν,
1030 1709 1193 1760 οἰμώζειν
1215 1710 1273 1748 σοὶ
1295 1709 1423 1762 λέγω,
1441 1709 1485 1748 σὲ
1505 1709 1657 1749 κελεύω·

383 1765 422 1804 id
435 1779 572 1819 parurn
591 1777 673 1806 erat
687 1765 850 1805 Timoni
864 1777 937 1816 pro
950 1764 1042 1803 odio
1052 1794 1065 1810 ,
1079 1776 1162 1818 quo
1185 1761 1378 1803 ferebatur
1392 1764 1429 1802 in
1444 1763 1659 1804 humanum

382 1832 528 1872 genus,
551 1818 819 1865 acerbissimo‚
843 1818 909 1857 nifi
942 1817 1120 1871 peffimos
1149 1818 1194 1856 ad
1218 1819 1392 1857 lacrimas
1419 1817 1660 1872 eiulatusque

380 1874 653 1927 compelleret,
674 1886 719 1913 ac
732 1872 896 1928 peffimis
912 1874 1033 1912 modis
1050 1872 1258 1912 mulcaret:
1280 1873 1366 1911 ideo
1386 1871 1560 1919 ποιῆσαι,
1574 1885 1656 1912 non

381 1929 561 1968 κελεύσαι
575 1929 639 1968 vel
652 1927 773 1980 λέξαι.
784 1927 984 1967 Convenit
996 1927 1041 1966 ad
1058 1927 1155 1965 hanc
1168 1937 1333 1965 mentem
1346 1925 1541 1978 responsio
1553 1927 1659 1966 Mer-

381 1984 502 2031 curii,
524 1997 640 2035 quam
671 1981 723 2021 fic
751 1982 884 2033 capio:
908 1982 1000 2020 Hoc
1026 1991 1067 2019 tu
1092 1993 1140 2020 ne
1166 1979 1321 2029 feceris,
1341 1993 1368 2018 o
1388 1980 1509 2019 bone:
1531 1993 1659 2034 neque
1711 1987 1714 1990 ’

381 2038 483 2075 enim
497 2050 634 2076 omnes
649 2036 696 2075 ad
712 2037 894 2088 gemitum
909 2034 996 2073 sunt
1011 2033 1099 2073 faffi
1116 2047 1125 2073 :
1143 2036 1234 2087 quin
1252 2046 1295 2074 tu
1311 2035 1419 2074 mitte
1437 2034 1565 2087 potius
1582 2036 1659 2075 ira-

381 2092 553 2131 cundum
567 2091 663 2130 istud
680 2090 718 2129 81
735 2090 955 2129 iuveniliter
970 2089 1185 2134 ridiculum,
1196 2101 1240 2127 ac
1256 2089 1408 2128 Plutum
1419 2089 1561 2142 recipe.
1575 2090 1657 2129 He-

378 2147 502 2186 racliti
523 2145 664 2186 diGtum
686 2143 764 2183 fine
787 2145 908 2183 dubio
922 2142 1109 2196 respexit,
1128 2144 1196 2195 qui
1213 2141 1414 2195 Ephesios,
1439 2154 1530 2182 cum
1555 2143 1657 2182 Her-

380 2201 588 2240 modorum
601 2231 613 2248 ,
633 2200 763 2238 civem
785 2199 959 2238 omnium
981 2196 1331 2236 excellentissimum
1345 2227 1357 2243 ,
1376 2197 1474 2236 urbe
1489 2196 1658 2249 expulis-

378 2253 484 2303 sent,
505 2256 700 2293 ἐκέλευσεν
713 2250 848 2297 ἧβηὸὸν
863 2251 1145 2304 &vastarem
1167 2256 1203 2290 B.
1225 2255 1292 2302 Πς.
1313 2251 1328 2300 §
1350 2265 1420 2300 14,
1444 2250 1522 2305 ἐγὼ
1534 2251 1579 2290 (Γὲ
1594 2251 1658 2290 κέ-

380 2320 498 2359 λομαι
515 2307 636 2348 πᾶσιν
655 2306 788 2353 ἦβνέὸν
810 2307 984 2358 οἰμώζειν·
1003 2306 1056 2345 ibi
1074 2305 1162 2344 vide
1175 2305 1293 2358 plura.
1312 2305 1387 2345 Vel
1403 2303 1454 2343 fic
1469 2318 1596 2344 tamen
1617 2306 1658 2346 in

379 2362 555 2403 Luciano
574 2361 813 2415 praetulero:
835 2361 915 2411 ἐμοὶ
942 2360 988 2399 δὲ
1009 2358 1118 2399 τοῦτο
1140 2357 1275 2405 imvm,
1291 2360 1329 2398 ῖὶν
1348 2360 1506 2398 πάντας
1528 2360 1657 2412 ἀνθρώ·

380 2421 475 2457 ὄνους
495 2413 632 2462 §amr
647 2416 811 2466 οἰμώζειν
826 2412 980 2455 ποιήσω.
993 2415 1100 2453 Vera
1115 2413 1214 2461 sunt,
1231 2426 1332 2466 quae
1344 2414 1390 2452 de
1402 2426 1506 2454 voce
1518 2411 1655 2459 i‘vssnsbv

381 2481 490 2511 notat
501 2471 601 2510 Tan.
628 2470 770 2510 Faber:
790 2470 974 2509 Barlaeus
993 2469 1040 2507 ad
1061 2469 1163 2507 hunc
1185 2467 1316 2507 locum
1340 2479 1462 2520 paene
1482 2467 1653 2510 dixeram

380 2524 535 2579 prorsus
553 2536 733 2580 nugatur.
746 2523 835 2565 Vid.
851 2523 893 2564 L.
906 2523 985 2564 Bos
998 2523 1129 2563 Anim.
1147 2535 1181 2565 c.
1194 2522 1265 2563 Vl.
1279 2523 1443 2563 HEMST.
