1737 3378
338 243 448 289 IN
516 220 1053 289 TIMONEM.
1249 260 1344 309 437

70 333 232 374 ‘calicibus
247 334 372 374 eduHis
385 335 419 373 6²
431 334 496 374 cibi
510 334 678 386 ingerendi
693 334 908 374 multitudine
912 334 1069 388 superior
1079 337 1122 387 est
1134 363 1144 382 ‚
1159 337 1348 388 praemium

68 403 200 441 ponere.
223 389 326 428 Hinc
340 387 446 440 λόγοι
467 387 528 427 ἐπὶ
541 387 589 437 'tsi
607 388 731 426 κύλικι
745 388 936 439 ,firmones
952 391 999 426 ad
1012 390 1127 426 vinum
1139 419 1148 433 ,
1172 401 1213 428 ut
1232 390 1346 430 Cice·

69 455 119 481 ro
133 442 224 480 dixit
235 444 284 480 ad
290 442 406 481 vinum
419 441 557 492 disertos
571 455 641 494 pro
654 441 762 480 Coel.
782 441 797 490 §
812 441 882 489 67;
902 442 986 488 vel,
1005 443 1061 492 qui
1075 445 1124 480 ad
1132 444 1275 494 metzjszm
1284 444 1344 494 ᾖ».

70 495 311 546 lentficboriri,
332 504 378 534 ut
391 495 484 534 Atta
500 496 538 533 in
552 495 694 548 Megal.
710 495 809 547 apud
824 494 935 533 Serv.
946 495 993 532 ad
1012 496 1147 548 Virgil.
1160 496 1238 536 Ecl.
1253 497 1342 544 vn,

74 563 137 602 33.
153 547 270 589 Iidem
285 548 393 601 λόγοι
412 549 650 588 ἑπικυλίκειοι
666 548 871 586 Athenaeo
891 548 1002 586 initio
1017 549 1100 587 libri
1119 550 1156 596 ί,
1172 551 1237 589 ubi
1254 551 1344 591 vide

69 600 235 641 Casaub.
254 601 497 640 ἑπιιιυλίκειοι
511 598 708 653 ἐξηγήσεις
723 600 891 653 Diogen.
910 601 952 640 L.
970 602 1041 648 1V,
1058 618 1120 650 42.
1135 604 1227 643 Vox
1249 616 1345 643 cor-

70 665 186 708 rupta
199 656 236 693 in
249 654 456 695 Plutarcho
472 656 517 694 de
541 653 640 693 Mus.
658 667 742 706 pag.
770 668 783 692 1
796 654 867 703 148
883 654 937 693 D.
959 651 1089 708 Ἐχεις
1101 656 1187 695 τοὺς
1208 658 1342 696 {mnu-

14 759 18 762 ὓ
71 709 197 748 κλέους
209 708 291 760 περὶ
301 707 478 757 μουσικῆς
490 707 566 760 λόγ
573 721 645 747 ους·
658 708 821 761 Interpr.
833 709 1024 748 circularem
1043 712 1081 747 de
1092 712 1214 761 mtfica
1227 712 1341 762 dispu-

70 762 233 803 tationem
243 777 259 809 ;
277 761 416 801 Luistn.
435 761 518 800 Par.
536 761 591 800 111
603 792 615 807 ,
635 773 670 802 c.
689 775 702 799 1
716 776 749 810 1,
770 762 904 802 melius
925 762 970 802 ad
991 761 1137 802 sensum
1149 792 1160 807 ,
1170 764 1340 814 sermones

69 817 111 854 de
124 817 248 867 mustea
265 818 314 853 ad
323 814 467 866 menfizm
486 815 637 853 habitos:
655 814 716 854 sed
732 816 840 868 quod
863 816 984 855 Aldus
1005 815 1237 869 impresserat
1254 818 1343 857 ἐπι-

69 870 243 907 κυλκίους
256 867 401 908 εάἰεξὶει
420 868 528 908 litera
545 869 757 908 iuvandum
784 868 865 908 fuit.
889 870 990 910 Hinc
1011 870 1265 923 κυλικηγορεῖν
1285 870 1342 909 Α-

69 922 175 962 then.
190 922 268 969 XI,
289 936 323 975 p.
340 923 413 971 461
431 922 473 961 E.
487 936 522 974 p.
538 921 617 971 480
631 922 677 962 C.
693 923 758 962 καὶ
772 926 814 962 τὸ
830 923 1097 976 κυλικηγορεῖν,
1111 924 1202 963 ὅταν
1216 924 1278 963 ἐπὶ
1292 923 1340 973 τῆ

69 972 194 1015 κύλικι
210 976 270 1015 τὶς
284 975 455 1030 ἀγορεύῃ.
481 976 576 1016 Poll.
590 975 647 1015 Vl
658 1005 673 1022 ,
694 989 766 1028 29,
786 976 917 1024 λάλος,
937 979 1052 1029 λη’ρος,
1075 978 1257 1029 φλύαρος,
1278 993 1342 1016 κυ-

69 1028 298 1082 λικηγορεῖν,
320 1028 506 1082 φορτικός.
528 1029 748 1070 Commoda
767 1029 1003 1074 distinfflone
1023 1030 1244 1071 sententiam
1264 1032 1343 1071 Lu-

69 1082 172 1122 ciani
188 1083 450 1123 dilucidiorem
463 1083 557 1124 dedi.
569 1083 660 1122 Τότε
671 1083 719 1124 δὴ
733 1082 843 1137 saepe
857 1085 957 1137 apud
971 1084 1174 1124 Nostrum:
1187 1085 1340 1125 Duker.

71 1136 121 1175 ad
136 1137 318 1189 Thucyd.
332 1138 386 1183 V,
405 1137 463 1175 16.
478 1138 641 1176 HEMST.

125 1194 198 1230 ead.
214 1192 238 1230 l.
257 1205 318 1239 14.
335 1190 654 1243 Ὓποτροιυλίζων)
674 1190 868 1242 Ψελλίζων
887 1191 953 1230 καὶ
970 1190 1090 1243 μηδὲν
1104 1190 1252 1245 ἔναρθρον
1269 1203 1340 1231 λει-

70 1243 154 1283 λῶν.
167 1244 309 1297 Interp.
326 1243 523 1297 Aristoph.
536 1245 581 1283 ad
594 1243 697 1296 Nub.
715 1245 891 1284 Bonan.

123 1297 201 1338 ibid.
217 1298 368 1337 Γελοίως
416 1297 459 1336 In
477 1297 657 1337 omnibus
672 1298 826 1337 Luciani
843 1311 1007 1350 operum
1023 1297 1254 1338 editionibus
1271 1311 1341 1349 γε·

68 1349 167 1390 λοῖος
178 1366 190 1400 3
223 1351 362 1391 mendo
380 1364 401 1390 e
418 1381 430 1397 ,
458 1350 562 1390 haud
590 1352 715 1391 dubie.
746 1351 1055 1394 Hemsterhufius
1078 1352 1180 1392 τεξὶε
1210 1353 1248 1392 in
1272 1352 1338 1392 sua

68 1405 298 1444 emendavit.
312 1404 471 1445 SOLAN.

120 1458 200 1498 ibid.
218 1455 310 1499 Εἶτα
333 1458 487 1513 ἔμετος)
511 1458 616 1499 Idem
637 1457 784 1513 Lapith.
809 1459 855 1499 de
877 1459 933 1498 his
952 1459 1164 1499 vomitibus
1182 1458 1338 1513 copiose.

67 1511 168 1551 alibi.
185 1513 358 1552 Bonan.

122 1566 158 1604 in
171 1567 287 1606 Schol.
297 1567 362 1606 col.
382 1579 415 1605 1.
432 1566 456 1604 l.
481 1579 513 1606 t.
530 1565 662 1616 Βςῶμοι
681 1565 839 1620 Λύδιον)
858 1566 915 1606 Ex
930 1565 1045 1606 Suida
1058 1566 1095 1605 in
1109 1565 1250 1619 Κοιρίυιη
1262 1596 1276 1613 ,
1292 1566 1336 1607 &

67 1617 271 1670 Hesychio
282 1650 294 1667 ‚
310 1620 348 1659 in
362 1620 504 1673 quibus
518 1631 644 1659 tamen
661 1620 785 1659 multo
804 1622 923 1673 plura.
940 1621 1105 1659 HEMST.

121 1673 200 1712 ibid.
213 1673 238 1713 l.
260 1687 293 1726 ς.
310 1676 380 1712 Καί
397 1673 454 1726 τι)
471 1673 703 1726 Interposuit
724 1674 912 1721 Solanus,
927 1674 967 1714 &
982 1687 1077 1713 mox
1095 1672 1165 1713 νῦν.
1179 1672 1337 1713 Aristo·
1360 1711 1364 1714 .

68 1726 202 1779 phanis
216 1727 326 1768 locus
338 1728 377 1766 in
390 1727 475 1767 Pac.
493 1742 531 1766 v.
552 1742 640 1777 272.
655 1728 818 1767 HEMST.

122 1781 200 1820 ibid.
216 1782 279 1821 col.
297 1796 331 1821 2.
347 1781 371 1821 l.
389 1794 422 1834 5.
436 1781 616 1834 Τριβλίῳ)
634 1782 802 1821 Emenda
817 1780 984 1834 τρυβλίῳ.
997 1779 1105 1820 ΙΕΝε.
1118 1779 1156 1819 Si
1169 1780 1265 1820 tanti
1282 1780 1337 1822 est

69 1847 251 1884 monere,
269 1835 367 1874 idem
382 1834 504 1875 visum
517 1834 588 1874 fuit
603 1836 659 1874 M.
681 1835 796 1875 Slado
816 1835 856 1874 ὅ(
871 1835 1015 1875 Solano
1028 1866 1039 1883 ‚
1058 1835 1123 1888 qui
1142 1846 1337 1886 praeterea

66 1901 142 1942 pro
159 1888 406 1942 περικάθητοιι
423 1902 472 1928 ex
491 1890 536 1928 V.
555 1890 596 1929 ὃ(
612 1890 649 1929 C.
663 1891 814 1929 notavit
827 1888 1108 1942 παρακάθηται.
1125 1889 1291 1928 ΗΕΜετ.

125 1943 216 1995 Pag.
234 1957 317 1992 124.
335 1943 359 1981 l.
377 1957 410 1982 1.
430 1941 498 1983 Τιῖς
514 1938 737 1996 afim-spis&
755 1942 859 1996 διε.)
885 1946 1160 1996 Utraquemanu
1180 1943 1336 1981 tibicinae

0 1983 1 1999 ἵ
69 1998 307 2039 adhaerentem.
320 1997 460 2036 BROD.

123 2053 198 2089 ead.
215 2052 239 2090 l.
261 2065 296 2090 2.
317 2050 393 2090 Τῶν
409 2049 623 2103 πρωτείων)
643 2049 747 2089 Nulli
755 2050 885 2104 primas
898 2049 1096 2102 concefferit.
1110 2049 1253 2092 BROD.

123 2107 196 2143 ead.
212 2105 234 2144 l.
252 2119 290 2153 4.
305 2106 361 2142 T&
373 2103 524 2156 πρῶτοι)
540 2105 692 2143 Primum
707 2104 816 2144 locum
831 2116 953 2142 tenens.
969 2104 1109 2142 BROD.

122 2161 197 2197 ead.
213 2159 235 2196 l.
255 2171 285 2208 5.
299 2156 468 2210 Γοητείοι)
482 2158 595 2196 Hanc
618 2156 748 2211 passim
770 2158 990 2210 nugonibus
1008 2157 1084 2196 istis
1101 2157 1310 2210 exprobrat
1319 2166 1336 2203 ,'

67 2220 113 2251 ut
127 2212 167 2250 in
179 2211 308 2251 Piscat.
324 2212 361 2250 in
374 2210 522 2263 Catapl.
538 2210 712 2250 BOURD.

44 2270 47 2273 “
123 2267 198 2304 ead.
219 2267 243 2305 l.
260 2266 295 2305 6.
311 2264 501 2313 Πέινο-οφον
518 2267 560 2302 τὸ
572 2264 726 2316 χρῆμα)
738 2263 859 2303 Faber
876 2263 1079 2316 legendum
1091 2275 1224 2302 monet
1235 2262 1336 2302 πίον-

69 2316 180 2368 σοφόν
197 2333 234 2358 τι
255 2317 402 2372 χρῆμα.
419 2320 570 2358 Verum
587 2319 739 2370 quidem
755 2317 808 2357 est
820 2347 830 2364 ‚
849 2318 978 2356 in‘hac
991 2317 1173 2369 loquendi
1185 2315 1334 2356 formu-

67 2372 126 2419 la,
145 2371 255 2426 saepe
272 2373 310 2411 τὶ
330 2372 446 2425 poni,
464 2380 508 2410 ut
528 2372 615 2410 alibi
635 2371 737 2424 apud
756 2371 962 2417 Nostrum,
979 2372 1153 2422 παρθένος
1168 2370 1334 2422 πάγηοιε

21 2440 24 2441 ’
68 2424 133 2466 λόν
145 2441 184 2465 τι
199 2423 356 2479 χρῆμα,
371 2426 412 2465 &
434 2425 600 2472 similiter
618 2425 726 2479 saepe
745 2426 848 2477 apud
862 2425 1067 2464 Aelianum
1079 2454 1090 2471 ‚
1109 2423 1336 2476 Aristopha-

68 2491 157 2521 nem
172 2480 213 2520 ἃ
228 2479 335 2518 alios.
350 2479 421 2518 Sed
434 2479 525 2518 mihi
539 2479 614 2519 hoc
628 2480 667 2517 in
687 2480 777 2519 loco
792 2479 946 2531 vulgata
965 2477 1152 2530 scriptura
1171 2489 1335 2531 ptaepo-

110 2542 194 2582 tur,
212 2533 499 2586 intelligendum
514 2534 615 2573 enim
629 2532 682 2574 est
692 2564 705 2584 ‚
722 2532 830 2588 quast
842 2534 1007 2626 diceretF:
1019 2532 1176 2586 Denique
1191 2544 1229 2571 ut
1238 2530 1337 2586 sum-

1021 2598 1042 2627 e
1073 2600 1091 2639 3
