1737 3378
414 244 506 293 320
615 219 1496 269 ANN'OTATIONES

466 310 541 348 ead.
563 308 588 346 l.
615 320 651 360 9.
678 306 963 360 Hoepeeovreobv)
986 305 1058 345 Ms.
1090 304 1227 358 παρεὶς
1256 306 1381 346 πεσόν.
1408 305 1548 346 Cetera
1571 307 1685 349 huius

414 363 557 415 dialogi
586 362 882 414 interpretantur
905 360 1083 400 auelores
1095 360 1180 398 libri
1202 360 1248 399 de
1267 359 1405 400 Cruce.
1428 360 1600 400 Boum).

466 421 540 455 ead.
558 416 581 454 l.
600 414 717 463 14‘9
742 415 806 453 καὶ
821 413 892 467 ’γῆν
908 415 974 452 καὶ
999 413 1123 466 bebi.)
1142 414 1232 453 Hoc
1247 425 1421 453 veterum
1436 414 1573 467 aliquis
1593 413 1683 455 scri-
1721 462 1728 466 “

411 479 598 524 ptotum‚
621 468 721 508 forte
745 468 878 508 Dinon
903 468 939 506 in
965 466 1141 515 Persicis,
1164 468 1210 506 de
1230 466 1346 518 Cyro
1370 466 1513 507 dielum
1538 469 1687 508 retule-

409 536 497 573 rat,
527 535 616 575 rege
641 522 791 562 summo
820 522 861 561 δι
885 522 930 561 ad
957 533 1073 560 omne
1093 533 1214 572 genus
1239 521 1429 560 virtutum
1455 522 1688 561 admirabili:

412 591 502 618 nam
519 577 617 631 apud
633 589 791 622 eorum,
810 576 879 628 qui
897 588 999 614 nunc
1018 576 1172 627 quidem
1187 573 1404 627 supersunt,
1426 575 1547 614 ullum
1562 575 1686 615 exsta-

410 645 457 672 re
477 645 556 671 non
573 630 767 670 recordor.
791 629 906 680 Cyro
923 629 1140 668 tribuerunt
1154 658 1164 675 ‚
1188 627 1294 681 quasi
1316 640 1491 668 naturam
1507 628 1622 682 ipsam
1644 629 1686 668 in

412 685 602 739 potestate
627 684 782 723 haberet
793 712 803 729 ‚
827 683 934 735 quod
957 683 1002 721 de
1022 681 1059 721 se
1075 682 1184 721 Deus
1197 681 1352 733 Cyrum
1367 680 1562 734 designans
1576 695 1688 736 prae-

413 740 513 779 dicat
527 740 564 777 in
579 738 765 777 vaticiniis
779 736 917 775 Iesaiae
932 735 1077 782 XLIV,
1094 750 1159 784 27,
1173 736 1294 775 XLV.
1309 736 1372 775 De
1388 736 1552 788 ingentis
1566 735 1687 776 animi

412 795 509 833 viris
529 803 644 844 atque
660 790 864 836 heroibus,
885 802 1054 842 quorum
1076 790 1281 829 audacibus
1301 790 1459 843 inceptis
1471 802 1598 829 rerum
1615 802 1686 828 na·

414 859 504 887 tura
528 847 662 885 cedere
678 845 828 884 videtur
853 843 894 882 &
912 844 1160 896 morigerari,
1180 842 1327 882 locutio
1341 856 1421 882 non
1439 841 1530 882 solis
1543 842 1689 883 Orien-

414 902 555 940 talibus
571 899 745 952 propria:
767 896 947 937 notiffimi
963 895 1047 935 sunt
1061 895 1261 936 Claudiani
1275 896 1406 936 versus
1427 896 1474 936 de
1495 896 1548 936 111
1565 895 1686 938 Cons.

415 956 573 995 Honor.
587 967 625 992 v.
639 966 709 1005 97:
727 973 771 981 —
788 952 842 990 cui
855 951 980 989 militat
991 951 1127 996 aether,
1144 953 1196 989 Et
1207 950 1373 989 coniurati
1385 951 1524 989 veniunt
1535 951 1686 1003 achas-

406 1011 484 1061 fica
508 1008 610 1047 vensi.
633 1005 738 1044 istam
763 1005 979 1044 habuerunt
1007 1004 1181 1043 adulandi
1205 1002 1332 1042 ansam
1363 1003 1579 1057 Sophistae:
1606 1005 1688 1044 vid.

415 1062 549 1102 Liban.
574 1061 624 1100 T.
650 1059 707 1105 11,
733 1073 769 1112 p.
798 1072 863 1107 141
891 1057 938 1097 C.
962 1058 1085 1106 Hinc,
1107 1056 1135 1096 si
1157 1057 1248 1111 quid
1271 1057 1491 1097 difficillimo
1511 1055 1690 1111 tempore

415 1127 570 1170 praeter
585 1113 759 1154 ordinem
784 1111 994 1151 naturalem
1017 1111 1220 1160 evenisset,
1243 1111 1289 1150 ad
1305 1123 1421 1150 omen
1440 1110 1691 1164 prosperrimi

414 1168 606 1210 successus
626 1167 840 1220 rapiebant:
861 1166 970 1205 velut
991 1166 1030 1204 in
1048 1166 1195 1205 minore
1210 1164 1346 1217 Cyro,
1365 1176 1409 1204 ut
1430 1165 1607 1218 pluribus
1625 1165 1688 1206 su-

418 1223 637 1278 persedeam
649 1252 662 1268 ,
687 1234 779 1260 cum
797 1231 946 1273 praeter
963 1218 1065 1273 spem
1082 1219 1298 1273 Euphrates
1311 1219 1394 1258 vias
1409 1231 1606 1270 nunquam
1620 1233 1690 1260 an-

417 1290 457 1318 te
479 1278 649 1317 humano
673 1274 832 1327 vestigio
849 1274 958 1313 initas
983 1273 1200 1327 aperuisset‚
1226 1272 1347 1312 ἐὲὃκει
1369 1272 1465 1312 θεῖον
1484 1272 1597 1323 εἶναι,
1621 1272 1690 1312 καὶ

417 1331 554 1383 σαφῶς
577 1328 824 1382 ὑποχωρῆσαι
847 1331 908 1367 τῦν
933 1330 1106 1377 ποταμὸν
1127 1326 1222 1380 Κύρῳ
1241 1322 1288 1366 ὣς
1307 1326 1587 1372 βασιλεύσοντι.
1609 1327 1691 1368 Xe-

417 1388 537 1438 noph.
554 1390 595 1424 K.
613 1388 652 1422 A.
668 1384 705 1430 1,
727 1397 762 1436 p.
785 1396 852 1435 151
868 1411 878 1428 ‚
900 1395 939 1420 v.
962 1395 1021 1433 29.
1047 1380 1158 1433 Quid
1178 1392 1306 1420 autem
1330 1382 1370 1420 in
1392 1393 1464 1427 eo,
1485 1381 1591 1441 quod
1615 1395 1690 1435 pro

416 1439 526 1488 καλῷ
546 1437 723 1477 nonnulli
742 1439 872 1482 ταλὸν,
894 1435 957 1473 alii
982 1448 1053 1488 pro
1073 1431 1170 1487 Κύρῳ
1189 1433 1273 1474 satis
1293 1434 1450 1474 ridicule
1469 1448 1571 1488 τυρον
1591 1435 1694 1476 dice-

420 1505 508 1534 rent
522 1523 536 1539 ,
556 1493 724 1530 maxime
738 1490 928 1529 Lucianus
947 1487 1195 1541 spefflverst,
1213 1501 1275 1527 me
1289 1501 1368 1527 non
1389 1489 1501 1542 plane
1516 1490 1693 1542 pervide-

419 1560 463 1586 re
477 1546 616 1586 fateor:
637 1545 682 1584 de
700 1544 848 1584 Dorica
865 1541 1027 1582 dialecto
1047 1556 1137 1582 eum
1161 1543 1331 1595 cogitare
1347 1541 1509 1595 potuisse
1527 1544 1592 1582 vix
1607 1556 1694 1584 cre-

422 1602 474 1640 do
487 1632 499 1647 ,
520 1601 663 1654 quippe
679 1611 777 1651 quae
792 1598 903 1637 certis
920 1597 1065 1649 legibus
1079 1595 1359 1649 circumscripta
1376 1597 1632 1637 mutationem
1647 1597 1694 1636 li.

421 1666 524 1694 terae
543 1670 565 1693 κ
585 1656 624 1692 in
648 1668 671 1693 τ
694 1655 733 1691 in
756 1649 981 1705 quibusdam
994 1649 1164 1704 semper,
1186 1651 1225 1689 in
1244 1650 1345 1698 aliis,
1364 1663 1533 1703 quorum
1555 1652 1597 1690 in
1618 1664 1694 1691 nu-

422 1722 533 1749 mero
552 1709 620 1747 has
639 1705 817 1759 utrasque
840 1717 961 1744 voces
985 1717 1175 1758 reponere
1188 1704 1297 1750 licet,
1318 1716 1515 1758 nunquam
1535 1704 1695 1747 admisit.

422 1763 486 1802 An
512 1763 650 1801 vitium
677 1761 829 1813 linguae
850 1757 1097 1811 significavit?
1123 1758 1236 1812 quale
1258 1758 1296 1797 in
1322 1757 1535 1799 infantibus
1558 1758 1694 1813 saepe,

422 1818 545 1856 rarius
569 1817 609 1855 in
630 1815 766 1854 adultis
787 1813 1128 1859 animadvertitur,
1149 1824 1193 1851 ut
1213 1813 1267 1851 ob
1293 1813 1568 1865 pronuntiandi
1591 1813 1692 1853 diffi-

423 1871 604 1911 cultatem
626 1883 648 1908 a
673 1869 824 1908 Κάππα
838 1866 1039 1906 derle&ant
1055 1867 1103 1906 ad
1115 1864 1207 1905 Ταῦ.
1221 1867 1258 1905 id
1272 1865 1363 1904 mihi
1377 1866 1574 1920 probabile
1586 1868 1695 1907 vide-

424 1936 500 1964 tur.
520 1924 703 1964 Ceterum
726 1921 911 1962 observat
925 1920 1050 1960 Schol.
1067 1920 1250 1974 Sophocl.
1269 1920 1316 1959 ad
1335 1918 1476 1973 Oedip.
1494 1921 1534 1960 in
1548 1920 1635 1961 Col.
1651 1935 1696 1963 ν.

429 1980 552 2032 1316,
577 1978 643 2031 qui
662 1978 743 2016 aliis
766 1975 881 2015 fuerit
904 1974 1068 2022 Talaus,
1092 1975 1253 2013 eundem
1278 1974 1372 2013 alios
1395 1973 1598 2027 appellasse
1619 1974 1697 2015 Ca.

424 2033 550 2072 laum:
572 2031 652 2071 ἔνιοι
677 2027 716 2069 οὐ
741 2032 802 2068 τὸν
824 2029 1065 2067 Ἀταλάντης
1092 2028 1362 2081 Παρθενοπαῖον
1383 2028 1484 2079 φασὶ
1504 2027 1697 2080 στρατεῦ-

424 2101 515 2132 σαι,
536 2086 641 2124 ἀλλὰ
662 2087 726 2123 τὸν
746 2081 903 2122 Ταλαοῦ
915 2111 928 2126 ,
947 2082 983 2122 ’ἂν
1000 2081 1082 2122 ἔνιοι
1107 2081 1178 2121 ‹5th
1198 2080 1265 2121 τοῦ
1291 2096 1315 2119 κ
1335 2084 1484 2121 Καλοίον
1503 2097 1696 2137 προσαγο-

424 2140 584 2194 ρεύουσι,
611 2139 780 2188 καθάπερ
794 2136 1040 2189 Ἀρίσταρχος
1059 2135 1075 2174 ὃ
1098 2137 1297 2188 Τεγεάτης
1311 2137 1375 2174 καὶ
1400 2134 1578 2177 Φιλοκλῆς
1592 2136 1698 2182 ἱστοή

425 2192 553 2248 ροῦσιν·
577 2192 828 2245 συγγραφέων
843 2189 888 2229 δὲ
902 2189 1097 2229 Ἑκαταῖος
1111 2188 1126 2228 ὃ
1144 2189 1336 2229 Μιλήσιος.
1349 2189 1514 2230 HEMST.

481 2249 574 2300 Pag.
590 2260 652 2298 70.
668 2247 690 2285 l.
711 2260 743 2285 1.
759 2243 865 2295 Κῦρον
884 2240 999 2283 αὐτὸν
1014 2242 1128 2296 ’όν-τα)
1149 2244 1197 2283 Et
1216 2255 1307 2282 cum
1329 2243 1364 2282 ei
1388 2243 1523 2296 Cyrus
1545 2256 1692 2284 nomen

426 2302 590 2342 inditum
616 2299 659 2339 s1t
673 2332 684 2349 ‚
709 2301 746 2339 in
769 2296 874 2349 τῦρον
896 2298 1086 2352 quendam
1109 2297 1236 2337 ferum
1258 2297 1398 2337 animal
1421 2296 1695 2338 transformare

426 2357 570 2396 nititur.
592 2354 739 2394 COGN.

482 2413 554 2448 ead.
573 2410 596 2447 l.
620 2423 653 2462 3.
673 2405 826 2460 Αὐτῶν)
849 2405 950 2446 Coll.
977 2418 1050 2459 pro
1076 2403 1206 2453 afim,
1227 2405 1335 2458 quod
1358 2405 1398 2444 in
1425 2403 1610 2459 impreffis
1626 2404 1696 2447 est.

428 2464 586 2505 SOLAN.

482 2520 552 2558 ead.
573 2519 596 2558 l.
618 2531 650 2571 5.
668 2515 725 2568 Τῷ
741 2516 823 2571 γὰρ
837 2514 969 2556 τούτου
986 2512 1157 2567 σώματι)
1176 2512 1290 2568 Apud
1306 2525 1400 2561 eos,
1418 2513 1487 2568 qui
1505 2512 1694 2557 decruoe
