1775 3383
417 252 452 284 x
669 235 780 284 DE
828 235 1173 293 AETATE,
1230 235 1435 284 VITA

415 349 479 396 At
504 343 605 392 ficia
622 346 729 391 sunt
746 346 965 401 nomina,
995 345 1168 405 quibus
1195 346 1402 392 studium
1419 381 1432 403 ,
1459 363 1557 407 quo
1584 345 1679 393 du-

413 425 570 466 catur,
602 410 826 467 veritatis,
856 410 897 455 Sc
925 410 1193 472 personatae
1226 411 1472 472 sapientiae
1505 412 1675 457 odium

413 476 633 538 designat.

479 549 627 594 Patria
653 547 910 604 Samosata,
937 547 1096 609 Syriae
1120 550 1301 605 civitas,
1331 566 1431 594 non
1457 550 1598 612 longe
1614 550 1676 596 ab

412 614 653 673 Euphrate
666 649 676 668 ,
694 625 747 658 ut
765 613 808 658 se
826 613 977 674 ipsum
995 613 1166 674 Sy'rum
1187 613 1228 658 86
1246 613 1477 675 Assyrium
1495 630 1594 658 non
1613 614 1679 660 se·-

413 680 512 723 mel
527 679 856 740 cognominet:
877 678 985 722 alibi
1005 679 1144 722 etiam
1162 678 1424 723 patrensem
1438 713 1450 734 ,
1474 694 1596 738 quae
1612 679 1678 724 ci·

415 743 530 788 vitas
548 744 609 788 est
627 742 822 787 Achaiae
840 761 848 786 :
882 753 1112 801 tanquam
1133 754 1266 787 natus
1286 743 1391 787 hinc
1405 778 1417 798 ,
1451 742 1679 788 oriundus

413 808 545 852 illinc
562 842 574 863 ,
602 808 663 851 ait
681 806 931 851 Beroaldus
949 807 997 850 in
1019 803 1239 851 ofilavum
1258 807 1458 867 Apuleii.
1489 806 1651 870 [locus
1665 840 1679 863 ,

415 889 564 931 quem
588 872 843 934 Zvingerus
874 871 938 915 ob
961 873 1120 915 oculos
1151 871 1341 927 habuit,
1374 872 1436 916 est
1461 872 1518 916 T.
1543 887 1565 918 Ω
1587 905 1599 927 ,
1632 872 1683 917 in

415 938 533 998 lffln.
546 930 589 980 c.
605 953 660 993 55
681 971 692 991 ,
707 936 791 980 ubi
806 935 887 980 ait:
911 936 1067 980 Patria
1087 935 1202 980 nobis
1218 936 1405 983 Patrae,
1424 937 1522 980 urbs
1538 936 1682 980 Acha-

415 1006 510 1047 iam·
539 1001 617 1045 sed
635 1017 778 1045 errare
796 1000 950 1044 virum
973 996 1168 1044 doctum
1181 1035 1193 1056 ,
1224 999 1263 1044 «Sc
1282 1001 1427 1045 alium
1445 999 1529 1045 effe
1544 1000 1683 1044 istum

415 1066 622 1111 Lucium
642 1065 923 1119 patrensem,
960 1063 999 1108 8<
1022 1064 1294 1127 Biographi,
1324 1064 1364 1109 Sc
1386 1066 1523 1110 nostri
1551 1080 1684 1110 corn-

416 1142 703 1176 mentatores
732 1129 830 1174 satis
854 1129 1159 1189 indicarunt.]

485 1201 559 1246 De
582 1213 797 1261 tempore
821 1201 1069 1246 nativitatis
1093 1201 1211 1245 nihil
1239 1201 1364 1246 certi.
1391 1201 1547 1246 Szcz‘das
1573 1217 1685 1247 eum

416 1265 503 1311 sub
516 1267 716 1311 Traiano
731 1301 743 1322 ,
763 1278 870 1310 ante
890 1283 1034 1326 quem
1057 1266 1197 1310 etiam
1217 1265 1355 1310 fuerit
1371 1300 1382 1320 ,
1402 1265 1598 1311 floruiffe
1613 1266 1682 1310 di-

416 1332 503 1375 cit:
542 1333 617 1375 alii
654 1331 712 1375 de
742 1330 950 1375 Adriano
986 1347 1185 1390 quoque
1214 1331 1547 1376 meminerunt.
1575 1332 1686 1392 [ali-

418 1408 598 1455 quanto
626 1396 818 1441 certiora
838 1407 998 1440 tamen
1025 1395 1085 1439 de
1106 1395 1259 1440 Nostri
1278 1406 1426 1440 aetate
1445 1396 1689 1442 dabuntur

418 1461 633 1521 deinde]

484 1537 677 1603 Quanta
694 1551 806 1579 vero
826 1534 966 1579 fuerit
983 1533 1155 1596 ingenii
1171 1533 1443 1593 praestantia
1462 1533 1654 1578 Luciani
1668 1567 1684 1591 ,

418 1600 574 1663 pergit
599 1599 843 1660 Zvingerus
866 1617 911 1660 p.
928 1615 951 1657 3
976 1597 1005 1642 f.
1025 1614 1124 1643 non
1141 1598 1202 1642 est
1223 1598 1269 1642 in
1287 1597 1493 1643 dubium
1509 1614 1683 1650 vocan-

419 1665 552 1708 dum.
583 1664 625 1708 A
644 1664 794 1724 prima
812 1663 1012 1723 pueritia
1037 1663 1324 1707 emicuerant
1349 1663 1521 1708 indicia
1545 1663 1686 1708 artifi-

418 1730 480 1774 cis
504 1728 704 1792 ingenii,
735 1739 790 1773 ut
820 1744 930 1773 eum
954 1739 1087 1788 pater
1113 1727 1173 1771 ad
1201 1729 1479 1786 praeclaram
1504 1727 1686 1790 fingen-

422 1794 471 1839 di
496 1806 643 1838 artem
671 1793 1015 1838 dexterrimum
1046 1793 1353 1837 arbitraretur.
1517 1799 1519 1801 ’

485 1875 578 1920 Sed
602 1875 662 1920 ad
687 1875 863 1920 maiora
884 1885 1019 1936 natus
1047 1890 1190 1934 puer,
1220 1873 1296 1918 cui
1317 1889 1416 1918 non
1447 1874 1685 1935 lapidum,

420 1939 500 1985 sed
524 1940 842 1985 humanorum
864 1940 1126 1984 animorum
1157 1937 1384 1983 scabrities
1406 1953 1499 1983 erat
1525 1956 1687 1984 emen-

423 2005 599 2050 danda:
619 2004 872 2049 innutritus
889 2020 996 2066 ergo
1013 2003 1279 2048 liberalibus
1293 2002 1555 2063 disciplinis,
1573 2004 1688 2049 Rhe-

422 2082 498 2114 tor
517 2070 606 2114 fuit
620 2104 631 2126 ,
652 2069 819 2126 Poeta,
849 2069 1058 2131 Logicus.
1094 2068 1342 2112 Testantur
1360 2068 1409 2111 id
1431 2068 1566 2127 ipsius
1584 2068 1688 2113 scri-

423 2147 527 2196 pta:
559 2135 768 2195 inprimis
794 2145 968 2194 quanta
989 2133 1264 2178 dexteritate
1291 2132 1566 2180 adversarios
1598 2133 1687 2178 dis-

422 2199 640 2260 putando
673 2200 951 2243 convicerit:
989 2210 1167 2257 quanta
1199 2196 1415 2242 facundia
1450 2198 1598 2242 causas
1634 2198 1684 2242 in

423 2265 529 2308 foro
545 2265 798 2327 peregerit,
825 2274 1001 2322 quanta
1026 2262 1243 2307 facilitate
1266 2262 1571 2306 comicorum
1586 2279 1690 2323 per-

423 2329 583 2372 sonam
604 2345 703 2374 non
722 2340 816 2373 tam
836 2329 976 2391 ligato
991 2362 1003 2384 ,
1026 2344 1171 2387 quam
1192 2327 1344 2372 soluto
1363 2361 1376 2382 ,
1396 2327 1584 2371 dicendi
1606 2343 1685 2390 ge·-

425 2409 536 2438 nere
566 2394 931 2455 repraesentant.

490 2475 566 2520 Ad
589 2475 681 2520 Dei
707 2475 1025 2537 cognitionem
1053 2472 1092 2518 Sc
1114 2489 1282 2518 verum
1315 2474 1503 2517 cultum
1528 2471 1560 2516 si
1584 2469 1686 2531 spe-

426 2535 604 2586 <stemus
616 2575 628 2599 ,
650 2542 734 2585 hac
754 2552 883 2601 parte
898 2540 973 2586 vel
990 2539 1193 2586 maxime
1212 2537 1413 2598 impium
1432 2535 1560 2581 fuiffe
1577 2551 1687 2580 eum
