1737 3378
345 219 449 264 IN
516 219 1042 266 TIMONEM.
1240 238 1332 289 397

35 348 37 351 .
68 308 164 352 nihil
188 308 292 349 aliud
312 307 522 362 significare
543 308 697 356 voluit,
719 321 834 362 quam
861 308 1092 361 mancipium
1117 309 1194 350 vile
1215 311 1336 354 servis

33 407 36 410 ,
66 364 286 419 parentibus
298 374 454 410 natum3
473 363 798 415 quemadmodum
813 362 1016 412 Polyzelus
1028 363 1158 416 Φρύγα
1169 378 1332 407 vocave·

31 431 36 438 ’
67 430 147 458 rat:
169 417 262 457 tales
281 418 381 455 enim
400 417 500 468 Lydi
516 415 556 455 &
572 416 766 469 PhrygeS,
786 415 976 455 notiffima
990 415 1190 456 servorum
1205 421 1334 467 nomi·‚

31 469 35 511 '3
66 485 128 512 ua.
151 472 315 510 HEMST.

120 525 199 563 ibid.
218 524 242 562 l.
258 537 320 563 20.
339 522 545 576 Χρέμητος)
565 522 744 576 Χρέμιὸος
759 520 888 561 Schol.
905 521 1100 575 Aristoph.
1121 523 1166 562 ad
1187 525 1269 565 Pac.
1289 539 1334 568 ν.·

24 587 26 592 ’
66 577 158 619 680.
173 577 330 617 Refflus
344 588 462 629 puto,
480 577 585 629 quod
597 576 724 615 noster
737 574 960 614 Scholiastes
971 576 1095 615 habet.
1112 577 1234 630 Atqui
1249 593 1331 620 mo-

65 633 118 672 do
134 644 181 670 ex
196 632 441 671 Androtione
453 640 626 675 notatur,
643 629 875 682 Antiphanis
887 642 974 674 eum
990 628 1095 668 t'uiffe
1108 629 1249 671 filium:
1272 633 1332 673 su-

66 685 199 739 spicari
214 685 324 732 licet,
343 684 602 736 Antiphanem
617 683 744 722 iocosa
758 681 996 722 comoediae
1015 682 1190 723 libertate
1212 686 1333 725 trans-

65 739 274 780 formatum
289 737 415 777 abiisse
430 739 467 775 in
480 737 747 785 Chremetem3
766 736 872 789 quod
884 736 1184 790 Theopompum
1200 737 1331 779 fallere

67 793 220 846 potuit:
242 805 330 831 nam
351 791 588 830 Androtioni
608 791 732 830 maior
754 789 807 829 est
824 791 860 828 in
880 790 996 830 rebus
1013 791 1141 843 patriis
1155 791 1330 833 habenda

66 846 169 886 fides.
183 847 282 885 Mox
295 846 378 896 lege
389 845 425 884 ἐν
440 844 479 884 5¹.
496 844 745 884 Φιλιππικῶν.
763 845 924 883 HEMST.

121 900 200 938 ibid.
214 901 238 938 l.
257 901 316 938 26.
339 897 530 950 Ῥιφθῆνοιι)
545 898 636 938 Exc.
659 900 706 937 G.
726 897 863 951 ῥιφεῖνειι
884 897 926 937 &
951 898 987 937 C.
1009 897 1165 938 SOLAN.
1190 899 1330 953 Neque

66 952 174 993 aliter
187 954 226 992 in
243 955 285 992 V.
298 952 477 1006 scriptum
493 951 565 992 est:
585 951 725 991 idcirco
744 950 905 1004 reposui.
918 952 1080 990 HEMsT.

121 1007 202 1046 ibid.
221 1007 285 1047 col.
308 1021 342 1045 2.
358 1008 382 1045 l.
401 1019 458 1059 19.
475 1005 725 1058 Θουκυὲίὸης)
741 1005 821 1045 Lib.
837 1004 911 1053 HI,
927 1018 958 1045 c.
981 1006 1027 1057 36
1053 1004 1093 1044 &
1116 1005 1194 1061 seq.
1216 1009 1329 1049 cuius

66 1060 186 1102 verba
198 1060 381 1100 nonnulla
395 1060 619 1099 Scholiastes
632 1058 817 1112 expreffit.
835 1059 997 1098 HEMsT.

123 1115 202 1154 ibid.
218 1116 242 1154 l.
259 1129 319 1168 23.
335 1114 590 1166 Ἀριστοτέλης
603 1113 648 1152 s'e
662 1113 678 1165 )
694 1113 754 1153 Sic
769 1113 860 1152 Exc.
881 1115 927 1152 G.
944 1113 982 1152 &
1000 1115 1045 1152 V.
1057 1113 1103 1152 In
1115 1114 1224 1167 impr.
1238 1114 1331 1167 Ἀρι·

69 1170 258 1217 στοφάνης
273 1168 338 1206 καὶ
351 1167 654 1219 περιζωσάμενσν.
666 1167 821 1205 SOLAN.
837 1166 964 1205 Exstat
978 1167 1014 1205 in
1031 1168 1074 1205 V.
1090 1168 1163 1207 tale
1176 1169 1332 1222 scriptu-

65 1234 131 1262 rae
141 1222 410 1274 compendium
421 1220 636 1272 Ἀριστοτλ’.
654 1220 854 1272 quomodo
870 1220 1085 1272 philosophi
1097 1234 1239 1261 nomen
1252 1223 1331 1275 ple-

66 1289 232 1328 rumque
245 1275 340 1315 solet
353 1276 390 1313 in
403 1275 632 1313 membranis
647 1275 832 1322 exhiberi,
844 1274 884 1312 δι
898 1287 990 1313 mox
1005 1274 1139 1314 vitiose
1153 1275 1289 1327 «Γημηγ
1297 1293 1331 1315 ο-

66 1328 196 1383 pino-25.
210 1328 253 1368 In
268 1329 326 1368 his
339 1328 450 1382 plura
465 1327 549 1368 sunt
563 1340 744 1381 corrupta
759 1328 800 1367 δι
821 1327 947 1367 alieno
960 1327 1052 1367 loco
1071 1328 1213 1380 posita:
1235 1330 1330 1370 illud

10 1391 11 1394 ’
71 1384 345 1423 ἀποσκώπτων
362 1381 606 1436 Aristophani
618 1383 751 1421 melius
768 1395 882 1434 quam
895 1382 1085 1421 Aristoteli
1101 1385 1330 1424 conveniat:

0 1434 25 1450 ²''
67 1437 190 1477 veluti
205 1437 322 1476 modo
338 1436 515 1488 προσόεὶς
535 1437 713 1489 ἀρχοντα.
729 1436 873 1476 Εὔθυνον
888 1436 1013 1489 aptius
1028 1435 1112 1488 post
1124 1437 1331 1490 Φιλόχορος

8 1491 13 1496 ’
66 1490 356 1530 interserantur:
379 1489 655 1529 Philochorum
672 1491 771 1529 enim
785 1501 923 1528 notum
945 1489 998 1529 est
1019 1489 1206 1529 historiam
1229 1493 1330 1531 Atti-

7 1543 26 1595 ἶ]
67 1558 152 1585 cam
167 1558 233 1598 per
247 1545 468 1584 Archontes
482 1543 658 1596 digestam
672 1544 788 1583 literis
803 1543 1012 1591 mandaffe;
1027 1557 1258 1598 quamquam
1280 1558 1328 1587 ne

8 1604 12 1647 ζ
67 1598 120 1638 sic
143 1599 294 1652 quidem
317 1599 410 1639 haec
435 1599 553 1637 verba
577 1597 796 1637 difficultate
824 1607 985 1636 vacent:
1004 1610 1093 1636 nam
1115 1600 1195 1637 eius
1220 1601 1329 1649 anni,

66 1665 150 1705 quo
170 1653 294 1692 Cleon
310 1652 451 1691 obstitit
463 1682 474 1697 ,
497 1665 545 1691 ne
567 1665 640 1704 pax
656 1665 743 1691 cum
760 1652 1066 1691 Lacedaemoniis
1084 1653 1254 1700 iniretur,
1272 1666 1330 1693 ar.

8 1736 13 1758 Α,
67 1707 170 1746 chon
190 1706 261 1746 fuit
285 1707 518 1752 Stratocles,
539 1718 619 1744 non
642 1706 868 1757 Euthynus,
891 1704 960 1743 nisi
983 1704 1083 1744 forte
1102 1706 1328 1759 ἐστιλκχὼν,

69 1761 112 1801 &
133 1759 401 1811 subsortitione
420 1759 599 1799 Stratocli
620 1759 800 1799 defun&o
820 1757 1017 1810 suffeStus:
1038 1772 1120 1798 eam
1141 1771 1330 1800 rationem

67 1815 172 1854 credi
193 1814 315 1867 potest
334 1813 498 1853 habuisse
519 1812 764 1860 Scholiastes,
783 1826 853 1852 cur
872 1814 917 1852 de
941 1812 1176 1853 Philochoro
1196 1828 1331 1854 mone-

12 1895 17 1910 2
67 1879 139 1914 ret,
161 1869 266 1908 illum
291 1869 377 1907 huic
397 1881 500 1906 anno
513 1898 524 1915 ,
544 1866 650 1906 secus
668 1878 783 1920 atque
798 1868 884 1913 alii,
903 1879 982 1905 non
999 1867 1246 1913 Stratonem,
1267 1868 1330 1908 sed

67 1921 296 1974 Euthynum
309 1920 529 1974 inscripsisse
543 1920 732 1960 summum
749 1920 1018 1973 magistratum.
1037 1920 1174 1972 Quare
1194 1923 1331 1962 melius

10 1994 22 2021 Α
68 1977 164 2023 erit,
183 1975 212 2015 fi
230 1978 383 2016 mutatis
399 1976 636 2028 quarundam
658 1988 803 2014 vocum
827 1975 976 2014 sedibus
999 1975 1049 2013 ita
1065 1975 1235 2026 legamus
1248 2007 1260 2025 ,
1282 1972 1332 2016 ὥς

10 2039 33 2075 'Yt-
69 2029 271 2095 Φιλόχορος
287 2030 462 2082 mooe-&ek
482 2028 519 2067 ἂ.
543 2034 578 2067 Ε.
598 2029 664 2067 καὶ
684 2030 949 2079 Ἀριστοτέλης·
970 2030 1035 2080 (in
1053 2028 1236 2068 Ἀθηναιων
1262 2046 1331 2069 πο.

10 2085 20 2125 ’-ῑ
69 2095 193 2133 λιτειᾳ
207 2084 407 2137 nimirum)
422 2083 677 2134 Ἀριστοφάνης
698 2082 742 2121 Σὲ
765 2083 828 2121 καὶ
847 2084 966 2133 περιζ.
987 2083 1077 2122 Hoc
1095 2082 1331 2135 postremum

69 2139 273 2178 annotavit
294 2138 406 2177 etiam
430 2136 652 2177 scholiastes
672 2136 719 2175 ad
738 2136 1037 2177 Aeschin.0rat.
1059 2137 1099 2174 in
1117 2137 1219 2175 Tim.
1241 2138 1331 2177 Mff.

27 2204 42 2226 .·
69 2192 237 2245 Λέγεται
257 2191 303 2230 s‘s
319 2192 439 2230 Κλέων
457 2189 476 2255 δ’
495 2190 738 2242 δημαγωγὸς
756 2191 936 2241 παραβὰς
954 2194 997 2228 τὸ
1012 2188 1053 2241 ἐξ
1072 2189 1171 2228 Ξιιθους
1185 2190 1331 2241 σχῆμα.

69 2245 238 2298 (scilicet
261 2245 304 2283 τὸ
331 2245 431 2284 ἐντος
455 2242 557 2298 ἔχειν
582 2247 646 2283 τὴν
670 2259 783 2297 χειρα,
808 2256 876 2295 λε’)
887 2242 1006 2295 οντα)
1036 2243 1332 2294 περιζωσάμενος

69 2298 309 2352 ὃημηγορεῖν.
334 2300 485 2338 Verum
503 2298 596 2337 haec
621 2311 643 2336 a
660 2299 772 2336 nobis
793 2298 869 2337 alio
897 2298 1009 2342 loco,
1029 2298 1093 2336 ubi
1114 2298 1231 2348 magis
1259 2299 1333 2337 erit

69 2353 344 2399 commodum,
365 2353 410 2391 ad
429 2365 590 2392 examen
613 2353 828 2390 accuratius
851 2351 1150 2390 revocabuntur.
1168 2352 1332 2393 HEMST.

125 2406 202 2445 ibid.
220 2408 243 2445 l.
267 2405 327 2445 28.
351 2405 602 2459 ssvfcosezssw)
626 2405 862 2457 Βυρσοὲέψην
889 2405 1178 2456 corrigendum:
1205 2417 1330 2457 neque

69 2460 173 2498 enim
196 2459 320 2500 Cleon
339 2459 410 2499 fuit
429 2459 569 2499 femina
583 2488 594 2507 ,
613 2472 684 2498 nec
706 2459 936 2498 σκωπτικῶς
955 2471 1043 2497 eum
1067 2458 1142 2497 hoc
1165 2457 1332 2497 femineo

15 2535 27 2553 ‚⁴
69 2513 225 2555 nomine
251 2512 360 2554 fuisse
380 2514 635 2567 appellatum,
668 2525 871 2567 quoquam
890 2513 1009 2553 modo
1027 2512 1158 2566 liquet.
1183 2510 1333 2552 Aristo·-

249 2682 265 2693 x
