1737 3378
184 218 266 264 IN
302 216 680 263 IUDICIUM
727 214 1163 280 VQCALIUM„
1245 232 1336 281 309

55 301 124 344 itai
149 303 267 357 ἄντρα
281 304 346 343 καὶ
369 303 561 354 θαλάμων
587 304 638 342 ita
663 303 770 355 lege,
793 315 873 342 non
898 302 1088 352 θάλαμοι.
1111 303 1336 344 861101.Ηο-

59 370 154 397 mer.
177 359 222 397 ad
242 357 283 397 Il.
301 358 352 404 Ζ,
377 370 475 410 135,
500 370 547 395 ex
569 356 847 409 vetustioribus
868 369 876 395 :
904 356 938 394 ἐν
956 357 1130 401 magam
1154 357 1220 397 'nir
1242 363 1334 410 Φρυ-

56 411 164 465 γίας·
189 411 455 462 vide‘Marqu.
481 410 653 449 Gudium
679 410 725 448 ad
749 409 903 448 Phaedr.
929 423 965 460 p.
986 423 1052 458 77,
1074 410 1150 450 Th.
1180 411 1328 451 Reines.

53 464 103 503 ad
123 463 215 504 Insc.
239 463 332 504 Ant.
348 462 409 502 Cl.
424 462 484 509 11,
505 476 540 501 n.
560 463 623 502 68.
651 463 752 514 Quo
771 464 896 501 minus
908 461 1099 509 affentiar,
1116 465 1331 518 interpellat

55 529 119 556 me
141 530 221 556 non
240 517 401 556 Tzetzes
426 516 599 568 quidem,
622 518 707 568 quis
731 517 832 554 enim
857 516 938 554 eius
964 515 1131 555 hominis
1163 520 1332 558 auctori-

55 580 134 609 tate
150 571 375 610 moveatur?
399 567 460 608 sed
483 571 587 622 quod
609 582 629 608 e
643 569 801 609 Scholiis
818 569 862 608 ad
876 569 1148 621 Lycophronis
1165 572 1334 611 Alexan·

53 623 161 662 dram
176 623 431 663 veterioribus
455 623 500 662 ad
522 638 559 663 v.
582 636 680 673 1170
702 623 855 662 videtur
879 621 1129 674 exscripsiffe:
1153 623 1168 661 ὁ
1191 625 1331 663 Ἱππώ-

30 704 32 707 -
52 676 124 728 ναξ
146 675 295 722 κύβηλιν
319 677 384 716 τὴν
409 675 507 716 Ῥέαν
529 675 640 727 λέγει
660 678 768 728 παρὰ
794 678 838 714 τὶ)
859 676 893 714 ἐν
916 677 1088 725 Κυβὲλλᾳ
1109 675 1222 716 πόλει
1242 683 1332 729 Φρυ-

94 729 102 741 1

54 743 148 782 -γιεις
173 731 379 780 wazzo-aar
409 730 501 770 haec
535 729 562 768 fi
591 728 703 768 fidem
731 739 951 775 merentur,
982 729 1164 768 habemus
1191 731 1328 771 urbem

54 782 255 836 Phrygiae·
268 783 473 835 Cybellam
501 785 692 836 geminata
713 784 822 823 litera
839 796 873 822 λ.
888 783 1059 822 fimiliter
1073 795 1117 822 ac
1139 784 1331 828 Κυβέλλιοι

56 837 160 888 κώμη
175 836 259 890 post
276 837 462 889 Erythras
482 838 579 876 inter
605 848 777 876 montem
791 838 1018 876 Mimantem
1035 838 1075 877 &
1095 848 1330 888 promonto-

52 891 152 930 rium
176 902 303 930 atrum
327 891 393 930 fita
412 891 532 930 Strab.
546 891 660 936 XIV,
676 905 712 943 p.
731 905 809 942 954
824 890 870 930 C.
886 892 931 930 de
947 904 1022 943 qua
1038 891 1128 929 mihi
1143 903 1221 930 non
1239 904 1330 944 pro-

51 944 217 991 bantur,
243 958 344 997 quae
369 955 481 984 notat
495 943 713 985 IilVoffius
727 945 774 983 ad
791 944 881 984 Mel.
898 944 916 982 Ι
932 975 943 992 ,
968 958 1002 997 p.
1032 958 1115 996 119.
1136 945 1243 983 Haec
1266 958 1331 985 me

0 1047 1 1050 Ἴ
47 997 254 1045 inducunt,
268 1010 312 1038 ut
334 999 485 1037 credam
499 1029 510 1046 ‚
534 999 571 1037 in
586 999 782 1051 Stephano
798 998 849 1038 fic
863 997 937 1038 effe
958 998 1238 1050 reponendum:
1260 1003 1330 1037 Κυ-

51 1052 194 1100 βὲλειιι,
211 1052 325 1092 πόλις
341 1053 484 1092 Ἰωνίας·
506 1051 705 1091 Ἑκαταῖος
721 1053 844 1101 Ἀσίᾳ]
860 1050 1073 1104 ‘Hpcosmvbf
1094 1050 1140 1089 Σὲ
1163 1052 1326 1097 Κυβέλην

0 1126 1 1138 ;
42 1105 151 1156 -φησὶ
176 1105 286 1146 ’πόλιν
310 1107 484 1145 Φοινίκης·
509 1104 590 1145 ἔστι
615 1106 680 1145 καὶ
701 1106 873 1151 Κύβελλοι
898 1104 1081 1158 Φρυγίοις·
1107 1104 1240 1161 (πόλις
1263 1107 1326 1145 ni-

0 1189 1 1193 ,
53 1160 198 1199 mirum
223 1172 271 1199 ex
292 1159 624 1213 praecedentibus)
647 1159 887 1205 mimam-oc,
903 1159 979 1211 ’όρος
1002 1158 1099 1210 ἱερὸν,
1114 1159 1177 1206 ἀφ’
1200 1158 1326 1198 οὑ’Κυ-

50 1213 141 1259 βέλη
166 1211 184 1255 ἦ
208 1212 289 1253 Ῥέα,
312 1214 490 1265 λέγεται.
517 1213 656 1266 Neque
678 1222 806 1252 tamen
831 1226 881 1252 eo
912 1213 1030 1265 magis
1053 1212 1298 1252 affirmavero
1313 1245 1325 1263 ,

0 1262 1 1302 ἶ
51 1267 89 1307 id
116 1266 234 1328 ipsum
256 1267 445 1328 oppidum
471 1265 545 1305 effe
566 1267 724 1306 Luciani
747 1266 968 1318 Cybelum3
987 1278 1219 1326 quamquam
1242 1267 1328 1306 Ne-

51 1320 146 1360 lidas
169 1331 284 1360 etiam
300 1334 336 1359 m
357 1320 508 1360 Cariam
525 1321 564 1359 &
586 1320 792 1373 Phrygiam
812 1319 1025 1374 perveniffe
1046 1319 1133 1358 satis
1158 1320 1324 1361 constet:

53 1374 182 1415 Schol.
204 1374 392 1428 Apollon.
411 1374 538 1414 Rhod.
563 1375 608 1413 ad
630 1375 669 1420 I,
694 1388 783 1428 959.
806 1375 898 1413 Non
920 1387 981 1414 me
1005 1375 1184 1427 praeterit
1200 1375 1325 1414 Thra-

52 1429 156 1475 ciae,
181 1442 262 1481 quo
288 1427 421 1492 plures
446 1427 552 1467 fuiffe
580 1428 705 1467 miffas
726 1429 947 1469 Atticorum
972 1428 1146 1467 colonias
1173 1440 1323 1468 certum

53 1482 107 1522 est
120 1512 131 1528 ,
147 1484 238 1522 urbs
252 1481 413 1532 Κυψελοι
428 1495 548 1534 prope
563 1483 742 1521 Hebrum
757 1483 919 1522 fluvium
930 1513 942 1530 ,
955 1483 1067 1521 cuius
1081 1492 1229 1534 praeter
1242 1483 1325 1522 Ste-

51 1536 167 1590 phan.
191 1537 229 1575 in
253 1550 293 1576 v.
316 1537 572 1575 meminerunt
597 1536 764 1589 Appian.
786 1536 832 1576 de
857 1537 900 1576 B.
918 1536 1048 1574 Mithr.
1073 1549 1107 1588 p.
1137 1549 1227 1588 349,
1248 1536 1323 1575 Po-

51 1591 181 1642 lyaen.
207 1590 281 1639 IV,
301 1603 333 1630 c.
358 1591 415 1630 16.
438 1589 536 1629 facili
557 1591 711 1642 quidem
741 1603 872 1630 errore
896 1588 1054 1639 Κυψέλῳ
1086 1588 1322 1642 (utrumque

52 1657 257 1684 numerum
285 1645 325 1682 in
346 1644 555 1683 multarum
577 1644 729 1683 urbium
751 1644 970 1683 nominibus
994 1643 1192 1695 usurpari,
1206 1656 1323 1684 nemo

52 1698 188 1752 nescit)
201 1699 362 1751 migrare
382 1707 533 1751 poterat
548 1698 585 1736 in
598 1697 760 1747 Κυβέλῳ·
777 1697 836 1736 sed
857 1698 951 1737 haec
971 1710 1018 1735 an
1030 1697 1321 1737 Atheniensium

53 1751 170 1793 fuerit
184 1751 357 1798 ἄποικος,
374 1753 482 1792 iuxta
501 1765 588 1792 cum
606 1751 841 1804 ignariffimis
854 1750 940 1791 scio.
960 1750 1164 1803 Quidquid
1181 1750 1234 1790 est
1247 1750 1323 1790 fer·-

52 1820 116 1846 me
135 1807 276 1847 veteris
297 1807 507 1846 memoriae
519 1805 860 1856 Lyfimachorum‚
882 1806 934 1845 ob
958 1805 1096 1844 oculos
1118 1805 1208 1842 mihi
1231 1818 1323 1844 ver-

50 1859 172 1900 satur:
195 1860 344 1899 nullum
368 1871 499 1899 tamen
525 1860 613 1899 alibi
641 1860 816 1913 reperio,
837 1860 876 1898 in
901 1872 1042 1912 quem,
1067 1871 1166 1911 quae
1191 1870 1323 1899 narrat

53 1914 248 1955 Lucianus
261 1945 275 1961 ‚
294 1915 548 1954 conveniant:
570 1926 660 1952 nam
674 1913 931 1965 Lysimachus
953 1912 1044 1958 iste,
1064 1912 1174 1951 cuius
1197 1925 1218 1951 e
1241 1914 1323 1964 Ly-

54 1981 179 2021 curgo
198 1979 380 2020 tanquam
395 1964 567 2008 εὖτελοῦς
588 1966 793 2017 μελοποιοῦ
813 1967 986 2006 meminit
1010 1966 1322 2019 Harpocration,

10 2050 21 2055 -
55 2022 132 2061 huc
147 2022 348 2075 pertineat,
365 2034 485 2062 necne
498 2050 509 2070 ‚
532 2023 616 2074 quis
635 2021 905 2062 affirmaverit?
926 2020 1031 2072 Ergo
1047 2020 1237 2068 Luciano,
1257 2021 1321 2059 cui

56 2076 130 2117 alia
148 2087 229 2114 non
251 2087 373 2128 pauca
391 2074 484 2123 soli,
511 2075 622 2114 huius
641 2076 757 2114 etiam
773 2074 988 2127 Lysimachi
1005 2075 1145 2114 veteris
1167 2073 1322 2114 Comici

55 2129 237 2169 notitiam
260 2129 460 2168 debemus:
479 2130 510 2167 is
524 2130 615 2181 quia
637 2130 803 2182 primus,
820 2138 886 2168 aut
909 2128 1038 2167 saltem
1061 2129 1156 2167 inter
1177 2129 1322 2180 primos

56 2183 306 2237 praecipuus,
327 2197 390 2231 σσ,
402 2183 509 2235 quod
524 2182 641 2235 prisca
654 2183 834 2222 diale&us
853 2183 1078 2221 Atticorum
1093 2180 1320 2233 usurpabat,

58 2238 102 2278 in
126 2251 178 2276 ττ
197 2247 437 2276 commutare
457 2235 655 2282 sustinuit,
678 2236 765 2275 ideo
789 2237 948 2274 Βοιώτιος
971 2234 1139 2274 &venalia
1161 2236 1323 2282 dicitur,

56 2303 176 2344 quem
195 2291 326 2330 iocum
350 2301 416 2329 aut
437 2290 548 2329 valde
574 2289 685 2329 fallor
698 2301 798 2338 ,aut
821 2303 843 2328 a
863 2289 1033 2342 quodam
1049 2288 1222 2328 vetustae
1242 2288 1323 2328 Co-

58 2345 231 2384 moediae
252 2347 367 2396 poeta
391 2345 581 2384 Lucianus
602 2344 769 2396 accepit:
791 2356 871 2382 non
886 2344 986 2383 enim
1002 2343 1138 2382 Atticis
1158 2353 1238 2381 erat
1258 2343 1321 2381 hic

57 2396 148 2438 usus
162 2397 412 2443 vernaculus,
433 2396 494 2437 sed
516 2411 536 2436 a
557 2397 694 2437 vicinis
708 2398 866 2437 Boeotis
884 2398 930 2436 ad
948 2410 1016 2436 eos
1030 2396 1327 2436 existimabatur

59 2450 281 2504 perveniffe.
309 2452 491 2504 Egregius
511 2451 630 2491 exstat
651 2452 822 2504 inprimis
842 2452 887 2490 ad
912 2452 1008 2491 hanc
1034 2464 1113 2490 rem
1133 2449 1320 2489 illustran-

62 2505 148 2547 dam
174 2505 274 2546 Aelii
303 2505 490 2558 Dionysii
510 2505 622 2547 locus
644 2506 744 2560 apud
761 2505 932 2547 Eustath.
950 2505 995 2545 ad
1014 2504 1058 2543 11.
1081 2506 1135 2552 K,
1158 2518 1196 2558 p.
1217 2503 1290 2557 813
1307 2533 1325 2550 2

1059 2588 1076 2611 J
