1737 3378
447 202 535 265 378
641 170 1506 251 ANNOTATIONES

444 302 532 328 cum
550 289 659 330 multi
679 289 954 343 diligentissime
970 290 1232 338 trafiaverint‚
1254 292 1368 332 huius
1383 292 1478 341 loci,
1497 293 1599 348 digni
1641 308 1707 335 ro-

382 358 386 362 ·
443 341 561 389 secio,
581 345 688 384 cuius
701 345 903 384 haberetur
915 345 1015 384 ratio
1026 375 1039 391 ,
1057 346 1292 386 mentionem
1306 359 1328 385 a
1343 360 1542 400 quoquam
1564 361 1586 388 e
1615 361 1638 389 e
1650 348 1707 389 fa-

445 395 545 435 &am
560 428 570 444 ‚
591 410 670 437 non
690 397 882 438 succurrit.
904 399 1066 438 HEMST.

500 453 573 489 ead.
596 452 620 489 l.
646 465 705 491 10.
724 452 940 504 Πρὸκειται)
963 453 1023 490 Ad
1045 453 1189 492 mortui
1207 453 1372 505 πρόθεσιν
1393 453 1457 493 vel
1477 453 1706 495 collooetio-

447 515 534 542 nem
549 506 702 558 proprie
716 507 900 558 pertinet:
918 505 1059 545 Noster
1079 506 1125 545 de
1144 506 1250 546 Luci.
1273 507 1289 556 §
1317 521 1361 545 12
1373 538 1385 556 ‚
1411 521 1469 560 13.
1487 506 1646 548 Procms
1657 509 1708 548 ad

446 556 614 598 Platonis
630 558 669 598 X
689 559 734 598 de
748 558 846 610 Rep.
867 557 1024 611 ὁρᾶσθαι
1051 560 1152 598 πᾶσι
1171 562 1296 612 νεκρὰν
1315 561 1349 599 ἐν
1364 559 1412 610 τῇ
1433 560 1596 614 πατρῴᾳ
1617 576 1708 613 προ-

447 612 614 660 κειμένην
637 612 747 662 οἰκίᾳ·
769 613 876 658 alibi,
895 612 922 651 st
937 613 1029 665 quid
1043 614 1274 666 diligentiam
1291 614 1494 653 hominum
1509 614 1709 654 eruditiffi-

449 677 603 704 morum
618 664 767 718 effugit,
786 665 917 706 sedulo
927 666 1162 719 colligemus.
1176 667 1503 720 Quandoquidem
1516 680 1614 708 vero
1625 668 1708 708 col-

449 717 592 758 locatio
603 720 642 758 in
653 719 907 759 celeberrimis
918 720 1067 759 aedium
1079 721 1177 760 locis
1188 720 1345 774 ipsoque
1357 721 1453 760 adeo
1463 722 1566 760 atrio
1573 720 1718 769 fiebat,

448 782 493 811 ut
508 773 673 812 cadaver
686 774 734 812 ab
749 773 928 812 omnibus
946 772 1073 826 inspici
1099 773 1220 827 poffet
1231 805 1246 821 ‚
1261 775 1352 828 quid
1368 775 1422 814 est
1442 775 1518 821 rei,
1537 788 1606 814 cur
1626 775 1711 815 Lu-

447 826 582 865 cianus
594 827 775 866 addiderit
786 857 798 873 ‚
819 826 855 865 ἐν
868 826 1041 875 σκοτεινῷ
1055 842 1129 866 που
1143 825 1211 867 τῆς
1224 828 1361 876 οἰκίας
1381 829 1509 882 potuit
1525 829 1711 881 intellige-

449 891 491 918 re
507 880 675 931 priorem
690 880 798 919 illum
812 893 904 919 mox
926 879 1008 932 post
1027 881 1192 919 animam
1211 881 1374 921 efflatam
1389 883 1562 936 corporis
1576 883 1616 921 in
1638 882 1712 921 huz

451 945 559 971 mum
575 934 789 986 deponendi
802 946 948 973 morem
962 962 972 980 ‚
995 935 1099 986 quod
1119 935 1278 975 Graecis
1295 935 1350 975 est
1362 936 1498 988 χαμαὶ
1513 935 1715 975 κατατιθέ-

451 1000 534 1032 ναι,
554 987 692 1040 χαμαὶ
713 987 878 1027 κεῖσθαι·
897 988 1000 1026 malo
1014 999 1140 1027 tamen
1159 988 1392 1037 existimare,
1412 989 1505 1028 haec
1518 990 1563 1028 ad
1574 1001 1712 1029 veram

449 1039 616 1091 πρόθεσιν
640 1039 715 1080 effe
734 1039 929 1080 referenda
941 1072 952 1089 ‚
972 1039 1032 1081 sed
1051 1041 1275 1082 invidiosius
1299 1055 1320 1082 a
1339 1042 1514 1082 Luciano
1532 1042 1712 1090 describi,

451 1105 496 1131 ut
510 1094 726 1134 amicorum
741 1094 1062 1148 familiariumque
1077 1106 1314 1135 contemtum
1336 1097 1377 1136 &
1397 1097 1436 1134 in
1460 1097 1633 1136 cur-ando
1653 1097 1711 1136 di·

451 1147 539 1186 vitis
553 1148 625 1186 iam
643 1148 810 1188 emortui
821 1160 989 1202 corpore
1007 1162 1164 1202 gravem
1179 1150 1363 1190 incuriam
1382 1149 1625 1203 perstringat:
1647 1163 1715 1190 eo-

450 1201 536 1239 dem
559 1200 725 1254 spec'tant
744 1201 898 1253 παλαιᾷ
917 1201 964 1252 τῇ
984 1202 1072 1254 ὀθόνῃ
1091 1205 1131 1244 &
1157 1202 1425 1257 περιμάχητος
1443 1203 1532 1244 ταῖς
1547 1203 1715 1258 γαλαῖς,

451 1255 616 1294 ΗΕΜςτ.
898 1290 902 1296 .

503 1313 578 1348 ead.
597 1310 619 1349 l.
643 1323 701 1348 12.
721 1308 804 1359 Ἐμὲ
818 1309 862 1349 ἑὲ
880 1309 912 1349 οἱ
929 1310 1237 1364 ἐπελπίσαντες)
1257 1310 1357 1350 Cum
1380 1311 1467 1350 alibi
1487 1309 1612 1351 affive
1631 1309 1711 1351 fere

450 1360 549 1402 hanc
568 1376 706 1403 vocem
722 1362 896 1417 usurpari
916 1365 1015 1417 apud
1037 1365 1153 1411 alios,
1176 1366 1213 1404 &
1232 1365 1332 1405 hunc
1352 1364 1523 1404 nostrum
1542 1363 1688 1405 constet
1700 1394 1714 1412 ,

453 1416 608 1456 videtur
629 1418 773 1469 requiri
792 1418 1101 1466 ἐπελπισῧέντες·
1119 1418 1178 1457 sed
1220 1430 1459 1471 raeterquam
1482 1419 1587 1470 quod
1607 1418 1715 1458 Rafi-

451 1470 548 1509 lium
564 1469 614 1511 fic
628 1471 742 1510 etiam
756 1470 949 1525 usurpaffe
963 1472 1078 1511 video
1100 1472 1156 1524 (in
1211 1471 1413 1512 onstantini
1435 1471 1602 1524 lexico),
1618 1484 1714 1512 con-

451 1535 511 1562 tra
523 1523 637 1563 fidem
652 1524 774 1564 Codd.
790 1537 869 1564 non
885 1525 1008 1579 placet
1023 1536 1166 1565 temere
1181 1525 1418 1565 conieciuras
1431 1538 1503 1579 pro
1517 1525 1715 1565 Lucianeis

452 1578 670 1618 obtrudere.
688 1578 845 1633 SQLAN.
858 1579 941 1630 Ἐμὲ
959 1580 1142 1632 coni-ungi
1157 1592 1235 1623 non
1249 1580 1362 1619 debet
1377 1593 1465 1619 cum
1481 1579 1715 1618 ἐπελπίσαν-

452 1646 530 1679 τες,
551 1631 613 1671 sed
627 1646 714 1672 cum
734 1634 978 1685 περιμένουσι·
1001 1633 1148 1672 tantilla
1161 1646 1221 1673 res
1240 1634 1422 1686 implicuit
1436 1633 1624 1673 eruditos:
1647 1645 1714 1673 ce-

450 1696 576 1726 terum
592 1687 682 1726 vide
695 1718 706 1737 ‚
725 1700 825 1739 quae
839 1688 1009 1727 dicemus
1022 1689 1066 1727 ad
1079 1687 1131 1726 D.
1147 1688 1202 1726 M.
1219 1688 1269 1725 V.
1295 1688 1457 1726 HssMs‘r.

507 1740 542 1779 in
564 1742 678 1780 Schol.
697 1742 758 1780 col.
787 1755 817 1779 1.
839 1743 862 1780 l.
887 1756 918 1795 5.
941 1741 1255 1793 Διασπείροντες)
1277 1740 1341 1780 Sic
1362 1741 1588 1794 legendum,
1609 1753 1716 1790 non,

453 1806 497 1834 ut
511 1794 654 1833 editum
666 1823 679 1840 ,
697 1794 1002 1847 ὃιασπείροντας.
1020 1795 1364 1847 Χρυσόχειρες,]ἱνε
1377 1796 1487 1834 aureis
1499 1795 1638 1834 annulis
1648 1811 1713 1834 un·

453 1849 550 1902 dique
559 1848 830 1901 splendescentes,
844 1850 898 1887 vel
910 1851 950 1888 ob
963 1850 1242 1903 affluentiffimam
1255 1849 1403 1902 copiam,
1415 1850 1518 1902 plena
1528 1865 1632 1889 manu
1647 1863 1714 1888 au-

452 1918 524 1941 rum
541 1901 791 1954 profimdentes.
806 1903 911 1942 IENS.

505 1957 584 1996 ibid.
597 1959 660 1996 col.
676 1971 710 1996 2.
725 1958 748 1996 l.
766 1970 780 1995 1
790 1986 798 1995 .
815 1955 960 2009 Ταύτῃ)
971 1956 1012 1995 L.
1026 1955 1152 2005 ταυτῇ
1166 1968 1238 2009 pro
1252 1954 1373 2007 ταύτῃ
1383 1986 1397 2003 ,
1416 1955 1531 2008 φησὶν
1549 1968 1623 2010 pro
1635 1969 1715 2008 <poe-

449 2008 525 2057 σὶν,
548 2014 741 2061 κρείττονα,
759 2024 832 2063 pro
847 2011 1061 2062 κρείττωνα..
1076 2010 1232 2049 SOLAN.

502 2064 583 2102 ibid.
601 2065 625 2102 l.
647 2076 679 2115 5.
693 2067 757 2103 Τὸν
773 2064 807 2102 ἐν
819 2061 954 2102 simini
969 2063 1031 2116 β.)
1052 2067 1100 2102 Tb
1113 2062 1281 2103 ἑνειλκθὲν
1295 2063 1443 2108 βιβλίον.
1466 2065 1629 2104 HEMST.

501 2117 595 2170 Pag.
608 2131 670 2170 92.
691 2119 713 2155 l.
736 2132 768 2156 ι.
786 2117 1004 2170 Τετριγότες
1026 2117 1054 2156 οἱ
1074 2118 1237 2170 νεοττοὶ)
1258 2117 1315 2156 Ex
1334 2118 1439 2157 Iliad.
1460 2123 1494 2158 B.
1515 2116 1565 2157 In
1579 2117 1714 2158 vatici⁴

447 2171 604 2210 natione
617 2171 846 2211 Calchantis.
861 2172 1033 2211 BouRD.

504 2227 579 2263 ead.
611 2226 635 2263 l.
661 2239 694 2264 2.
714 2224 931 2278 Ἀφαιρεθῆ)
958 2225 1107 2278 Anglic.
1131 2223 1290 2276 ἀφηρηθῇ
1311 2224 1351 2264 δι
1371 2223 1535 2278 ἀνῳχθξῖ.
1566 2225 1711 2278 Tangit
1736 2265 1737 2272 ,

450 2290 578 2317 autem
590 2289 762 2318 veterem
780 2279 1093 2319 testamentorum
1109 2278 1278 2319 formam
1288 2278 1328 2318 δι
1342 2278 1555 2325 literarum,
1572 2279 1618 2319 de
1631 2292 1712 2332 qua
1735 2279 1737 2327 l

451 2332 549 2371 alibi.
570 2333 742 2372 BouRD.
1736 2350 1737 2359 ¹

504 2386 583 2424 ibid.
598 2390 642 2424 T‘o
659 2387 782 2440 λῖνον)
805 2388 885 2438 Quo
899 2387 1035 2426 tabulae
1056 2387 1234 2437 testamenti
1256 2387 1414 2438 ligantur.
1435 2386 1574 2426 BROD.
1597 2387 1712 2424 Tabu-
1736 2409 1737 2416 κ

454 2441 506 2478 lae
517 2470 527 2487 ‚
546 2456 629 2492 quae
640 2441 765 2493 publici
781 2442 837 2479 vel
847 2442 975 2494 privati
988 2436 1172 2480 contianus
1184 2440 1390 2493 scripturam
1406 2441 1595 2486 continent,
1613 2441 1715 2478 adhi-
1736 2470 1737 2473 η

454 2495 531 2533 bitis
544 2495 674 2547 testibus
692 2495 741 2533 ita
754 2497 950 2547 fignarztur,
971 2509 1007 2534 ιιι
1023 2495 1057 2534 if:
1064 2496 1198 2548 stimma
1212 2495 1371 2549 marginis
1384 2497 1434 2534 ad
1441 2495 1579 2534 mediam
1586 2505 1719 2547 partem
1736 2511 1737 2519 ¹
