1737 3378
392 240 485 292 492
552 224 698 271 TAN.
714 221 896 268 FABRI
914 221 1136 269 NOTAE
1155 224 1223 269 IN
1237 224 1561 272 TIMONEM.

393 313 430 345 &
450 311 739 355 salgamariorum,
765 321 802 341 ac
832 309 1164 353 pharmacopolarum
1196 311 1309 353 pueris
1335 313 1434 345 talem
1460 311 1655 355 scriptorem

395 355 630 389 committere?
645 354 814 387 Videlicet
830 354 869 386 de
886 354 949 386 Dei
967 354 1179 396 providentia
1198 355 1366 394 dubitare,
1387 355 1470 388 nihil
1487 355 1547 394 ἑῆς
1564 357 1656 400 quod
1707 380 1714 387 .

397 412 488 433 nunc
512 399 639 431 discent
660 399 820 442 propolae
848 398 907 429 tali
930 398 1126 441 interprete.
1154 399 1280 440 Quidni
1301 400 1657 444 Virgilium.denique

397 444 471 486 post
487 453 539 476 tot
555 445 659 481 alios,
675 442 791 486 quidni
813 440 1082 484 Aristophanem,
1101 442 1134 474 &
1158 444 1311 475 Plautum
1333 453 1528 486 corruptum
1549 444 1657 478 eunt?

397 489 481 520 N'am
498 488 679 520 Homerum
696 486 826 530 quidem
845 484 968 528 ipsum.
985 485 1035 518 sat
1052 485 1139 525 scio,
1158 498 1226 518 non
1240 488 1419 531 attingent.
1437 488 1552 530 Nuper
1564 490 1655 521 enim

398 534 457 568 νέος
477 533 608 575 quidam
638 530 796 571 φωσφόρος
817 539 956 562 exortus
982 530 1044 568 est,
1069 532 1129 574 qui
1155 532 1411 573 pronuntiavit,
1441 533 1656 577 paedagogici

399 577 526 620 ingenii
547 575 628 613 esse,
646 574 764 607 versus
785 573 981 606 Homericos
993 600 1001 612 ,
1022 585 1096 606 cum
1115 575 1291 618 aliquando
1310 587 1327 607 a
1346 577 1516 609 veteribus
1534 578 1659 620 produ-

400 631 543 657 cuntur,
564 620 693 652 Gallice
712 627 922 650 convertere.
944 619 993 651 Ad
1014 630 1051 651 ea
1073 619 1152 663 quid
1171 620 1277 658 dicas,
1301 619 1434 659 Lector,
1452 620 1533 661 nifi,
1549 616 1596 657 ὖὶς
1609 646 1618 662 ,
1633 612 1658 652 ὀἷ

402 663 484 704 παῖ,
503 660 549 700 ὖὶς
568 662 634 704 ἐμοὶ
654 662 777 696 λεκάνην
790 687 798 701 ,
818 659 943 701 ε’μεσείιι)
966 662 1051 713 γάὲρ.)

446 709 526 753 Pag.
543 720 615 748 124.
633 708 706 760 ²2⁶·
728 707 889 755 I'lo‘waqoov
905 706 939 738 τὶ
959 708 1086 750 χρῆμα)
1103 707 1290 750 Legendum
1304 707 1458 748 πάνσοφόν
1478 719 1510 740 τι
1533 707 1656 749 χρῖμα.

446 756 515 786 ead,
534 755 559 785 l,
584 764 633 785 11.
677 751 787 792 Ωσπερ
807 763 833 782 οι
854 750 901 783 τὶν
921 750 1082 795 πλοῦτον)
1109 753 1295 785 Delendum
1320 749 1436 795 ἕσπερ,
1459 752 1491 785 δί
1510 751 1659 786 scriben-

400 799 478 831 dum
496 797 520 830 π’
534 823 542 838 ,
563 796 832 838 iungendumque
851 807 924 826 cum
944 791 1216 837 συνᾶεὸρομίικασι.

449 842 528 886 Pag.
544 852 614 880 125.
632 841 656 872 l.
672 852 700 872 1.
719 838 842 882 Μάζα)
864 839 955 871 Nihil
975 840 1080 879 aliud,
1096 852 1193 883 quam
1213 841 1335 879 ἂλφιτα
1355 838 1446 882 ε”λαλῳ
1464 839 1658 881 πεφυρμένα.

403 888 560 920 Ceterum
577 885 739 927 dignitate
753 883 832 926 pani
847 884 999 916 cedebat:
1022 896 1093 916 nam
1113 895 1155 916 ex
1171 886 1306 917 Solonis
1324 885 1477 918 instituto
1489 885 1582 927 μάζα
1595 896 1659 927 pro

402 931 494 964 festis
512 930 628 962 diebus
648 929 681 960 in
700 927 866 970 Prytaneo
883 927 1033 962 dabatur.
1053 930 1148 971 panis
1166 937 1276 962 autem
1290 954 1298 969 ‚
1317 928 1417 964 festis.
1439 930 1537 963 docet
1554 928 1660 962 Athe-

406 974 521 1008 naeus.
542 973 649 1004 Σόλων
669 967 699 1003 δὲ
716 970 785 1007 τοῖς
802 970 828 1002 ἐν
847 984 1013 1014 πρυτανειφ
1034 974 1217 1012 σιτουμένοις
1235 973 1342 1016 μάζαν
1356 975 1499 1016 παρέχειν
1519 971 1657 1013 κελεύει,

402 1018 488 1063 ἄρτον
510 1014 542 1050 ιῖὲ
558 1017 632 1052 ταῖς
653 1014 772 1057 ἑορταῖς
791 1017 1000 1057 παρατιθέναι.

416 1086 419 1089 .
448 1064 555 1096 g,1d,l.
571 1074 602 1106 3.
619 1060 862 1103 'Evvee‘txpwvo;)
883 1060 969 1093 Fons
989 1062 1036 1093 ita
1059 1060 1165 1093 distus
1181 1060 1342 1100 Athenis,
1359 1062 1416 1105 qui
1432 1062 1549 1095 deinde
1566 1061 1658 1094 Kan-

404 1107 488 1151 λιρόη
506 1115 649 1139 vocatus
665 1104 709 1138 est
724 1130 733 1144 ‚
748 1112 787 1136 ut
808 1103 922 1136 scribit
943 1105 1206 1148 Harpocration,
1228 1104 1260 1136 &
1274 1116 1314 1137 ex
1332 1117 1372 1138 eo
1389 1107 1518 1139 Suidas.
1546 1106 1658 1149 Hesy-

402 1153 501 1185 chius
518 1160 629 1183 autem
646 1150 679 1181 in
692 1149 754 1180 hac
773 1160 858 1181 voce
874 1149 1013 1182 mutilus
1033 1149 1089 1182 est.
1107 1149 1282 1194 legendum
1298 1151 1386 1183 enim
1402 1151 1490 1196 apud
1505 1162 1580 1184 eum
1593 1150 1661 1192 est,

403 1195 562 1238 Καλλιρόη
587 1194 673 1236 κρήνη
700 1191 726 1225 ἔν
751 1192 902 1227 Ἀθῆναις.

449 1243 517 1272 ead.
533 1242 627 1282 l.v13.
647 1231 853 1277 Κυματιὶὗιυς
873 1236 954 1279 yffi)
978 1234 1166 1275 Gloffema;
1188 1249 1267 1271 vera
1288 1247 1399 1272 autem
1419 1238 1520 1271 lectio
1540 1239 1575 1271 in
1593 1237 1662 1272 Ms.
1690 1234 1693 1237 ⁵

407 1286 492 1318 Cod.
509 1285 592 1328 Reg.
611 1283 796 1326 reperitur,
814 1281 1003 1322 κυματάγκς
1023 1280 1169 1320 scilicet;
1189 1294 1272 1326 quae
1289 1294 1361 1316 vox
1379 1284 1418 1315 ab
1437 1282 1607 1316 Eustathio
1626 1282 1665 1315 in

406 1328 525 1373 Odyff.
545 1328 729 1371 exponitur
744 1326 826 1360 ἆκτῆ
846 1326 915 1359 ἔνθα
934 1320 1052 1358 δηλαδὴ
1072 1327 1113 1356 τὰ.
1131 1326 1260 1366 κύματα
1282 1326 1426 1368 ἄγνυται.
1454 1335 1636 1370 monetque
1650 1353 1662 1369 ,

407 1386 478 1407 eam
495 1384 613 1405 vocem
634 1371 720 1414 apud
743 1371 953 1404 Herodotum
975 1369 1130 1414 repetiri3
1153 1371 1186 1403 ὅ(
1206 1382 1287 1404 vere
1308 1380 1439 1411 monet,
1461 1383 1533 1404 nam
1551 1371 1663 1404 sexies

407 1418 530 1461 septies
551 1416 639 1458 apud
658 1414 891 1447 nobiliffimum
912 1415 1006 1447 illum
1025 1414 1220 1457 scriptorem
1240 1417 1397 1449 occurrit.
1417 1417 1534 1459 Itaque
1556 1415 1666 1448 indili-

405 1463 550 1504 gentiam
571 1460 690 1497 Suidae
715 1460 825 1492 mirari
845 1458 952 1496 subit,
978 1459 1036 1502 qui
1057 1459 1142 1490 nihil
1160 1460 1199 1491 ad
1222 1471 1354 1492 manum
1375 1461 1508 1500 habuit,
1532 1471 1605 1492 cum
1627 1459 1665 1492 in

405 1507 492 1541 hanc
509 1516 627 1538 vocem
645 1504 820 1545 scriberet,
837 1512 968 1547 praeter
985 1503 1146 1547 Agathiae
1161 1505 1284 1536 locum.
1306 1505 1368 1537 Sed
1385 1505 1558 1548 antiquum
1578 1504 1668 1536 obti-

408 1560 466 1584 net
479 1550 567 1583 Suid.
584 1549 671 1581 solet
691 1549 779 1580 enim
790 1574 798 1589 ‚
820 1548 977 1591 neglectis
998 1547 1190 1590 veteribus,
1203 1548 1243 1581 ad
1259 1549 1464 1582 recentiores
1476 1551 1663 1582 decurrere.

451 1593 531 1637 Pag.
551 1593 622 1627 126.
638 1595 662 1626 l.
680 1604 710 1625 1.
730 1590 847 1636 Αὐτῷ)
868 1592 954 1636 Lege
971 1593 1102 1633 σεαυτῷ.

452 1642 522 1671 ead.
544 1641 568 1671 l.
583 1649 615 1672 2.
632 1637 817 1680 Τάλαντον)
837 1635 904 1669 Ms.
924 1636 1140 1676 ἧμιτάλαντον.

453 1685 523 1718 ead.
539 1684 563 1714 l.
586 1694 619 1724 7.
640 1677 885 1724 Αἰγινητιχιῦς)
905 1681 956 1713 Ad
978 1681 1168 1715 ridiculum.
1196 1692 1270 1714 nam
1295 1678 1448 1714 mensura
1467 1679 1666 1724 Aeginetica

408 1729 530 1762 ceteris
553 1725 717 1759 mensuris
736 1736 807 1759 erat
827 1726 985 1768 amplior,
1004 1734 1093 1758 certe
1112 1726 1236 1759 Attica.

454 1775 523 1804 ead.
542 1773 565 1804 l.
585 1783 636 1804 11.
656 1770 803 1810 Κεφαλῆν
822 1770 969 1810 ἐμπλήσω
987 1765 1154 1813 κονδύλων)
1174 1770 1282 1802 Locus
1300 1766 1345 1801 est
1361 1766 1446 1810 apud
1463 1765 1616 1800 Plautum
1630 1767 1666 1800 in

412 1817 588 1851 Aulularia
600 1841 609 1855 ‚
632 1832 691 1840 -—
709 1814 869 1858 Postquam
886 1815 1043 1857 implevisti
1054 1815 1184 1856 fitstibus
1199 1815 1318 1854 [storum
1344 1821 1457 1855 caput,
1477 1823 1575 1855 quem
1592 1812 1666 1844 fru-

411 1860 475 1893 stra
492 1859 690 1893 sollicitavit
709 1857 982 1903 ingeniofiflimus
1001 1858 1180 1892 Palmerius
1196 1859 1328 1901 legens,
1346 1856 1489 1899 implnisti
1503 1858 1534 1887 in
1558 1867 1664 1900 caput.

415 1904 553 1944 frustra,
572 1904 724 1947 inquam3
743 1904 775 1936 id
793 1904 881 1936 enirn
906 1903 1109 1936 Graecorum
1128 1903 1179 1934 im³
1187 1904 1315 1935 tatione
1344 1901 1472 1933 dicebat
1503 1900 1672 1940 Plautu53

409 1951 470 1994 qui
491 1961 560 1982 non
581 1949 615 1980 in
637 1948 812 1981 Aulularia
830 1956 978 1987 tantum,
1002 1947 1058 1980 sed
1076 1947 1110 1978 in
1136 1945 1251 1979 Cafina
1280 1955 1415 1990 quoque
1443 1954 1482 1976 ea
1507 1945 1670 1988 loquendi

411 1995 545 2026 ratione
565 1992 644 2025 usus
666 1992 722 2025 est.
745 2009 812 2017 —-
838 1991 906 2035 Ego
930 2003 958 2024 te
976 1991 1107 2033 implebo
1129 1991 1254 2035 flagris.
1276 1990 1317 2023 Et
1340 1998 1430 2023 certe
1452 1990 1519 2022 tale
1538 1989 1666 2034 aliquid

412 2038 532 2072 videor
549 2037 637 2081 apud
656 2035 907 2078 Aristophanem
928 2035 1050 2079 legisse.

457 2085 526 2114 ead.
547 2083 572 2115 l.
600 2091 650 2122 15.
674 2081 776 2123 Μῖἔν)
799 2080 834 2112 In
860 2079 924 2113 Ms.
957 2078 1002 2113 est
1033 2078 1153 2120 Τίμων.
1174 2078 1231 2112 sed
1255 2078 1430 2112 dividuum
1451 2076 1555 2112 facito
1569 2102 1579 2120 ,
1601 2075 1636 2112 τί
1651 2088 1666 2116 3

414 2127 482 2169 μ’ὤν
505 2126 569 2159 δίε.
591 2125 688 2171 quid?
707 2137 777 2157 num
796 2134 825 2156 te
839 2123 903 2158 &a
997 2149 1001 2152 -
1562 2154 1566 2156 .

861 2380 887 2412 E
908 2380 939 2413 R
959 2380 989 2413 R
1012 2379 1041 2411 A
1062 2379 1092 2412 T
1113 2378 1145 2410 U
1166 2377 1218 2412 M.

682 2444 774 2497 Pag.
792 2455 856 2496 94.
880 2443 942 2484 lin,
967 2441 1026 2481 16.
1049 2438 1171 2494 ’γαὲὲ
1194 2439 1255 2492 leg.
1275 2436 1397 2492 ’γαθὲ
