1737 3378
398 211 489 256 2ae
592 199 1464 268 ANNoTATloNEs

447 294 521 331 ead.
537 293 561 329 I.
580 303 613 343 5.
626 290 756 330 Ἐνίοτε
769 290 833 329 noti
845 292 888 329 τ“ο
901 289 984 329 ὅλον
996 290 1092 344 διε.)
1108 291 1249 332 Versio
1269 291 1350 332 Lat.
1377 293 1546 333 Interdum
1559 294 1662 335 etiam

393 345 618 398 'anapaesticis
644 346 789 397 verfibus
815 344 1007 397 plerumque
1025 345 1061 383 in
1076 345 1224 396 sublime
1248 351 1376 392 ενεέῖα,
1399 348 1527 399 dialogi
1547 349 1661 399 sbcae‘os

389 398 640 451 subsannabat.
662 399 783 438 Prava
812 399 904 438 haec
926 397 1053 438 versio
1079 412 1100 437 a
1125 411 1244 450 prava
1267 399 1508 440 distinctione
1527 399 1581 440 est
1596 415 1662 442 or·

395 462 448 491 ta.
473 451 585 504 Quid
602 453 765 491 interdum
784 451 824 491 δι
838 452 1031 504 plerumque
1050 453 1087 490 in
1106 464 1188 491 uno
1205 453 1404 513 mem-bro?
1421 453 1665 507 Distinguen·
1710 475 1718 486 .

394 506 443 545 da
464 505 552 544 sunt
569 506 688 545 verba
708 506 784 546 hoc
805 506 946 546 modo:
966 505 1012 543 ’E.
1036 504 1100 544 mi
1123 508 1169 543 το
1193 505 1275 545 ’όλον
1294 522 1332 544 α.
1345 521 1389 556 μ.
1403 506 1663 560 ἐποχουμένη,

394 561 452 598 τὰ
475 574 520 599 π.
545 573 583 598 τ.
605 558 671 598 τοῦ
689 559 728 599 s.
752 559 779 599 ἑ.
807 559 903 610 ἑχλ.
934 571 1020 597 nam
1045 561 1098 597 τὺ,
1118 561 1253 597 πολλὰ
1281 561 1444 612 pertinet
1468 562 1516 600 ad
1544 574 1665 601 mem·

397 612 513 653 hrum
538 612 736 666 posterius.
762 625 872 652 verte
891 613 1026 665 igitur,
1046 613 1218 652 Interdum
1237 614 1335 652 etiam
1361 615 1494 654 omnino
1516 630 1666 668 anapae-

391 667 487 722 sticis
500 669 646 719 verfibus
662 670 752 705 vec‘la
762 697 773 714 ‚
791 667 896 705 multa
910 667 945 705 in
961 667 1108 719 Dialogi
1120 665 1235 718 sbct'os
1250 667 1440 718 flammata
1453 669 1663 709 coniiciebat.
1727 680 1735 687 “

397 720 458 760 Sic
477 723 610 759 πολλὰ
629 719 878 769 λοιὸορεῖσδοιι
895 720 987 758 d'ntit
1005 719 1145 760 Noster
1166 721 1205 758 in
1225 719 1386 760 Somnio
1410 721 1425 770 §
1446 737 1491 770 4,
1511 721 1552 762 δι
1572 735 1668 762 πολ-

396 776 454 814 λὰ,
475 772 769 826 κατηγεριιθῆνειι
798 774 838 812 in
859 773 963 813 Tim.
984 773 1001 822 §
1033 773 1101 826 38,
1120 775 1175 812 τὰ
1199 777 1332 813 πολλὰ
1357 775 1610 815 ἐπισκώπτειν
1628 776 1667 816 in

399 827 504 868 Dial.
530 828 632 866 Mor.
651 827 679 866 l.
699 829 834 866 Πολλὰ
853 826 1098 878 καταρᾶσῧοιι
1117 827 1278 878 ἁνὸράσι
1301 828 1464 881 πονηροῖς
1475 829 1572 868 dixit
1584 828 1666 870 Co-
1733 831 1737 838 ¹

400 883 489 921 mic.
511 881 549 919 in
570 880 724 931 Lysistr.
741 894 780 919 V.
799 880 888 920 816.
906 880 1084 920 Similiter
1107 881 1249 928 Latini,
1272 882 1380 920 multa
1401 883 1518 921 invehi
1538 884 1574 922 in
1597 884 1665 923 aa·

395 950 505 988 quem.
525 935 565 973 L.
586 936 671 973 Bos
692 933 786 974 Obs.
805 933 901 973 Crit.
916 948 949 973 c.
971 934 1026 979 V,
1043 947 1080 986 p.
1107 947 1166 985 19.

454 989 534 1026 ibid.
556 989 687 1027 Ἄνιον.
712 1003 755 1037 μ.
775 987 1033 1040 ἐποχουμένη)
1052 987 1214 1027 Secutus
1234 986 1315 1027 sum
1336 989 1376 1026 L.
1393 989 1467 1027 Bos
1486 988 1589 1028 reae
1609 990 1666 1030 di-

399 1041 675 1095 stinguentem:
698 1042 797 1080 idem
819 1042 972 1081 monuit
991 1041 1037 1080 de
1058 1040 1127 1080 En.
1148 1041 1217 1082 Gr.
1235 1055 1272 1093 p.
1295 1056 1384 1090 142.
1405 1042 1533 1082 Miror
1553 1042 1667 1084 inter·

400 1107 554 1149 pretum
580 1097 614 1134 in
634 1096 774 1148 sublime
798 1098 932 1142 evebla,
954 1094 1058 1148 quasi
1081 1095 1288 1148 anapaestis
1309 1095 1421 1135 ve&a
1448 1095 1667 1136 Comoedia

400 1161 584 1202 tanquam
605 1148 746 1203 Pegaso
765 1149 934 1201 quodam
966 1150 1005 1188 in
1026 1149 1144 1188 altum
1172 1148 1354 1188 evafiffet.
1384 1149 1594 1201 Singularis
1615 1151 1669 1190 est

400 1203 593 1256 quaedam
617 1215 735 1257 atque
759 1204 911 1256 elegans
936 1203 974 1242 in
996 1202 1062 1242 ista
1087 1203 1270 1255 loquendi
1296 1202 1462 1242 formula
1489 1203 1666 1256 potestas.

401 1257 512 1298 Plato
535 1258 580 1297 de
601 1257 676 1297 LL.
695 1256 770 1306 IV,
790 1269 874 1311 pag.
895 1256 971 1295 818
994 1257 1037 1296 E.
1057 1257 1120 1296 ἐπὶ
1141 1256 1185 1295 ἑὲ
1206 1255 1269 1297 τῆς
1288 1255 1448 1295 ἐλπίδος
1468 1256 1667 1308 ὀχούμενοι

402 1311 570 1359 ταύτης,
593 1313 653 1350 illa
669 1311 733 1364 spe
751 1312 832 1350 veni
850 1312 884 1350 ἃ·
902 1312 1038 1362 confisi:
1059 1310 1174 1350 nitide
1193 1310 1379 1350 Alexand.
1397 1309 1601 1363 Aphrodis.
1619 1312 1667 1352 de

404 1364 488 1403 Fat.
518 1378 532 1402 1
547 1379 589 1418 ¹9
601 1395 613 1411 ‚
635 1364 870 1418 ἑποχεῖσῦοιι
891 1363 968 1403 τοῖς
981 1364 1260 1416 ἀπορουμένοις,
1278 1365 1387 1403 dubiis
1406 1365 1507 1403 inniti
1517 1381 1585 1404 non
1599 1367 1666 1404 ali-

404 1430 456 1456 ter
471 1434 514 1456 ac
549 1435 561 1456 ι
584 1420 756 1471 certzffima
773 1417 898 1469 fhrent.
918 1417 978 1458 Sic
996 1419 1112 1470 igitur
1130 1418 1371 1459 comoediam
1399 1428 1496 1470 puto
1513 1419 1667 1471 μέτροις

403 1471 665 1511 ἀναπαίστοις
696 1472 951 1525 ἑποχεῖσὲιοιι,
977 1472 1134 1524 quando
1164 1471 1419 1511 confidentius
1445 1472 1484 1510 in
1515 1471 1666 1513 scenam

402 1525 598 1577 procedit,
620 1526 659 1564 in
685 1525 917 1579 pbilosophis
939 1525 1132 1565 irridendis
1155 1525 1312 1564 modum
1340 1537 1462 1578 paene
1483 1537 1562 1566 non
1591 1525 1669 1566 ser-

404 1592 514 1619 vans.
528 1578 625 1618 Illud
638 1579 812 1632 insuper,
831 1592 912 1634 quo
925 1580 1043 1632 magis
1060 1580 1120 1619 vis
1133 1579 1311 1631 phraseos
1323 1577 1531 1629 elucescat,
1547 1581 1670 1620 anim-

405 1633 681 1672 advertendum
699 1634 873 1680 videtur,
895 1633 1027 1673 versus
1042 1633 1147 1686 quasi
1166 1633 1389 1673 vehiculum
1409 1633 1566 1686 aliquod
1581 1647 1669 1675 ora·

404 1687 523 1726 tionis
541 1686 719 1740 speeiari:
742 1687 1002 1741 Empedoclis,
1021 1687 1253 1727 Parmenidis
1270 1688 1513 1740 aliorumque
1531 1689 1670 1728 carmi-

404 1753 455 1780 na
468 1740 576 1794 λόγοι
596 1741 668 1781 εἰσὶ
683 1742 899 1796 κεχρημένοι
919 1743 1030 1793 παρὰ
1045 1739 1261 1787 nummis,
1280 1738 1405 1792 ὥσπερ
1421 1742 1584 1793 ὅχημα,
1605 1745 1669 1784 τὸν

405 1794 525 1847 ’ὄγκον
548 1795 612 1833 noel
638 1799 681 1835 ‘rb
703 1799 858 1848 μέτρον,
878 1793 942 1835 ‘im
961 1799 1004 1834 ‘tii
1027 1796 1136 1848 πεζὸν
1155 1794 1388 1849 διαφύγωσι·
1407 1795 1459 1834 ita
1476 1794 1668 1836 Plutarch.

405 1849 453 1888 de
474 1849 575 1888 Aud.
594 1848 702 1890 Poet.
716 1864 752 1902 p.
781 1850 828 1889 16
849 1849 896 1890 C.
918 1850 964 1889 de
984 1849 1096 1901 Pyth.
1117 1848 1188 1889 Or.
1212 1863 1247 1902 p.
1261 1849 1339 1898 406
1355 1849 1397 1888 E.
1421 1850 1565 1894 κατέβη
1583 1850 1664 1888 ἀπὶ

403 1902 479 1941 τῶν
501 1903 644 1955 μέτρων
659 1934 670 1950 ,
699 1903 821 1954 ὥσπερ
848 1905 864 1942 ὃ
906 1904 1081 1952 ημέιτων,
1108 1900 1126 1941 ἦ
1157 1902 1312 1955 ἱστορίαι.
1334 1901 1458 1942 Porro
1481 1902 1669 1944 Davisius

402 1957 527 1996 utitur
546 1957 621 1997 hoc
638 1957 730 1999 loco
749 1959 794 1998 ad
813 1958 858 1996 de
875 1958 1082 1997 endendam
1102 1956 1303 1996 Ciceronis
1318 1956 1514 2010 vulgatam
1531 1957 1668 1998 1εᾶἱο-

400 2023 492 2049 nem
515 2011 563 2050 T.
587 2011 642 2063 Q.
662 2010 715 2052 ΠΙ
728 2043 741 2060 ,
761 2024 795 2051 c.
812 2027 875 2060 24,
891 2012 1100 2065 potenuff‘mi
1116 2011 1200 2064 regis
1210 2027 1278 2050 ana
1302 2013 1450 2064 aestum;
1468 2010 1535 2050 ubi
1555 2010 1669 2050 Lam·

402 2063 499 2104 bino
523 2065 695 2118 placebat
722 2067 992 2120 αωραεβὶεονη,
1019 2065 1097 2104 sine
1119 2064 1242 2105 causa.
1314 2063 1442 2116 ionys.
1469 2064 1590 2105 Halic-
1613 2065 1666 2105 A.

403 2117 454 2157 R.
481 2118 528 2168 Ι,
546 2134 581 2172 p.
614 2133 692 2167 20,
717 2135 756 2160 v.
783 2135 853 2169 24,
876 2120 1111 2159 ἀνάπαιστον
1133 2114 1205 2157 ὑπὸ
1230 2116 1296 2158 τοῦ
1323 2115 1433 2170 Χοροῦ
1455 2118 1667 2172 λεγόμενον.

403 2172 546 2212 Noster
563 2174 698 2227 Symp.
718 2175 733 2224 §
759 2174 824 2219 18,
845 2173 1071 2212 ἀνάπαιστα
1094 2172 1326 2226 συγκροτῶν,
1345 2172 1449 2225 quod
1462 2171 1664 2225 Berglerus

404 2239 627 2279 opportune
656 2239 765 2267 notat
794 2228 839 2267 ad
870 2227 1118 2280 Alciphronis
1147 2227 1377 2265 ἀνάπαιστα
1402 2225 1560 2277 εὕκροτοι
1583 2225 1669 2265 ἐπι·

403 2283 584 2332 λέγοντες
595 2281 670 2330 ΙΙΙ,
686 2296 722 2335 p.
738 2281 825 2335 368.
847 2281 1038 2320 Ammian.
1060 2280 1269 2321 Marcellin.
1284 2279 1435 2325 XXIV,
1446 2280 1486 2324 6,
1507 2293 1542 2332 p.
1560 2293 1635 2327 44¹
1649 2310 1664 2326 ,

403 2336 499 2374 velut
517 2337 613 2388 pedis
631 2336 801 2390 anapaesti
819 2336 1086 2389 praecinentibus
1104 2335 1266 2374 modulis.-
1287 2334 1340 2373 ibi
1360 2333 1449 2373 vide
1471 2333 1523 2372 H.
1537 2333 1663 2373 Vale-
1736 2327 1737 2364 Ῑ

400 2387 510 2428 sium.
536 2391 700 2429 HEMST.

457 2446 531 2481 ead.
551 2445 571 2481 l.
595 2444 629 2482 6.
652 2442 929 2496 Ἐποχουμένη)
948 2442 1219 2496 Ἐπηχουμένη.
1241 2442 1431 2481 MARCIL.
1663 2490 1669 2495 ·

453 2499 526 2539 ead.
547 2498 572 2538 l.
587 2511 624 2550 7.
643 2499 865 2549 Φροντιστᾰς
883 2496 947 2536 καὶ
962 2495 1300 2550 μετεωρολέσχας)
1315 2495 1511 2536 Socratem
1527 2505 1571 2535 ac
1583 2492 1667 2539 reli·¹
