1737 3378
400 218 496 280 396
607 210 1480 262 ANNOTATIONES

399 300 510 344 βόλον
525 296 590 337 καὶ
603 298 775 338 Κλέωνος.
791 298 952 352 Egregie
972 298 1082 338 Dion
1100 298 1236 352 Chrys.
1252 296 1288 353 p
1304 299 1379 339 282
1393 301 1443 342 A.
1459 299 1672 343 Athenien-⁴

374 354 378 358 ’
400 352 450 391 fis
470 351 604 406 populi
621 353 725 404 quali
745 352 937 403 salptovoef
951 352 990 392 δι
1009 353 1168 404 genios,
1188 366 1208 391 a
1228 366 1398 407 quorum
1413 355 1572 395 arbitrio
1595 369 1670 396 nu-

400 415 525 457 tuque
539 407 727 458 pendeant
745 407 838 455 toti,
859 418 1034 446 numerat
1046 406 1280 446 Pisistratum
1297 421 1340 447 ac
1351 408 1670 449 Themistoclem:

398 468 484 497 tum
500 460 750 507 Alcibiadem,
766 461 929 508 Niciam,
944 460 1132 501 Cleonem
1146 461 1189 500 &
1201 461 1491 515 Hyperbolum,
1505 461 1589 502 τοὺς
1600 462 1670 513 μέν

399 526 508 552 τινας
526 513 703 553 ἐπιεικεῖς
724 516 862 566 τυχὸν,
882 514 968 554 τοὺς
988 513 1033 553 Σὲ
1055 513 1158 553 πάνυ
1180 514 1352 567 πονηροὺς
1372 517 1435 555 καὶ
1451 515 1670 569 χαλεπούς·

401 579 440 619 p.
462 579 528 615 541
556 566 608 605 D.
625 565 747 607 οὐδεὶς
772 568 932 607 πώποτε
952 565 1067 608 οὕτως
1087 567 1239 619 ἐγένετο
1261 573 1286 607 ὃ
1306 568 1404 608 oco-br
1423 569 1671 623 δἠμωγωγὶις

401 614 490 658 οὗέὲ
506 618 726 672 ’Ὑπέρβπλος
742 621 872 661 ἐκεῖνος
888 622 905 661 ἦ
920 623 1050 661 Κλέων.
1066 621 1254 661 Cleonem
1299 635 1310 643 ⁷
1325 621 1612 675 cleophontem
1629 623 1669 663 in

402 672 483 712 hoc
499 686 638 726 genere
658 674 822 714 sociavit
836 675 1012 715 Demetr.
1029 675 1112 727 περὶ
1134 675 1230 729 Ἔρμ.
1250 676 1266 725 §
1284 690 1371 729 315.
1392 676 1670 731 Hyperbolum

403 726 449 766 &
465 727 751 781 Cleophontem
766 727 880 768 Isocr.
896 729 942 768 de
958 729 1042 768 Pac.
1059 741 1146 782 pag.
1172 742 1245 779 174
1265 730 1309 769 B.
1329 730 1455 782 plures
1475 731 1673 771 Himerius

401 779 519 834 Prop.
540 782 587 821 ad
609 782 835 822 Flavianum
856 782 958 835 apud
975 782 1083 822 Phor.
1103 797 1139 836 p.
1160 781 1257 836 615:
1280 783 1544 831 Ἐσυκοφέιντει
1565 789 1674 836 Περι·

402 838 501 873 κλέα
518 835 648 876 Κλέων·
671 835 791 888 ἔφυγε
815 837 945 875 Νικίας
961 836 1192 888 Ὑπέρβολον·
1208 836 1399 887 Δημάδης
1417 838 1456 877 δ’
1469 837 1579 891 ἔκρινε
1595 844 1673 878 Δη-

401 888 600 938 μοσὲτένην·
618 890 784 938 Κλεοφῶν
799 888 1041 935 Ἀλκιβιάδην
1058 889 1256 942 ἐγράφετο.
1269 891 1433 930 HEMST.

461 943 496 980 in
515 943 629 982 schol.
644 944 706 983 col.
728 957 762 982 1.
781 943 804 982 l.
825 943 939 997 3.‘'O5
958 942 1238 996 &empulo-zai)
1253 944 1472 997 Legendum
1488 944 1674 998 ὦστρέικι-

407 1010 518 1034 cmi.
540 996 649 1048 Quid
681 996 725 1036 fit
753 997 1068 1050 bcrpaulgso-fmt,
1093 997 1246 1047 dudumj
1259 997 1505 1039 ostenderunt
1525 1000 1675 1039 eruditi.

403 1047 511 1088 IENS.
529 1049 621 1089 1431)
641 1049 914 1103 (ὄσ-τράκισῦσιι.
927 1051 1020 1090 Exc.
1041 1053 1089 1090 G.
1106 1051 1142 1088 ὃν
1156 1048 1430 1103 dormitio-zat.
1447 1054 1484 1094 C.
1501 1052 1673 1104 Περιθυᾶζ

403 1103 442 1141 ἓν
456 1104 519 1142 καὶ
535 1103 807 1156 ὦστριικίσὲοιι.
827 1105 986 1144 SOLAN.
1001 1104 1103 1143 Dedi
1117 1104 1320 1145 lectionem
1338 1107 1375 1145 C.
1395 1109 1439 1145 V.
1457 1106 1674 1146 restituerat

405 1156 570 1197 solanus
587 1157 625 1198 ὃς
649 1157 900 1210 (ὄστρακίσὲιη.
918 1159 1025 1198 Haec
1048 1167 1175 1198 autem
1198 1171 1224 1198 o
1254 1159 1366 1199 timae
1394 1158 1480 1199 sunt
1505 1160 1676 1213 inprimis

405 1222 546 1258 notae,
567 1224 682 1265 atque
702 1225 752 1252 ex
777 1211 932 1252 vetusto
949 1212 1118 1265 quodam
1135 1211 1197 1251 vel
1251 1212 1476 1265 ristophanis
1497 1214 1561 1254 vel
1581 1214 1678 1253 alte-

405 1265 488 1305 rius
507 1265 661 1306 Comici
677 1265 884 1306 Scholiaste
901 1267 1110 1319 depromta.
1127 1264 1485 1308 Commentatorem
1502 1266 1675 1307 nostrum

408 1319 456 1358 de
475 1320 711 1372 Hyperbolo
733 1319 864 1359 testem
879 1321 973 1359 citat
989 1319 1017 1359 Ι.
1030 1322 1088 1359 W
1091 1318 1164 1359 affe
1178 1321 1223 1359 ad
1235 1321 1455 1373 Thucydid.
1468 1321 1565 1361 VIII
1576 1351 1588 1370 ‚
1608 1335 1672 1375 73.

409 1372 540 1424 Quod
560 1387 581 1412 e
604 1373 650 1413 C.
679 1372 791 1413 affert
815 1373 977 1414 Solanus
1008 1373 1176 1426 Περιθυὲ.
1205 1375 1470 1427 integrandum
1497 1375 1549 1414 est
1573 1379 1678 1427 Περι-

409 1426 558 1465 θοίδης·
577 1427 654 1466 hoc
672 1428 786 1467 demo
801 1439 912 1468 ortus
932 1427 1210 1481 Hyperbolus,
1234 1438 1277 1467 ut
1297 1429 1427 1468 docuit
1441 1428 1469 1468 I.
1486 1428 1678 1468 Meurfius

409 1481 457 1519 de
472 1479 565 1534 Pop.
580 1481 678 1536 Att3v
674 1482 711 1520 in
729 1481 951 1533 Περιθοῐὸαι·
967 1495 1085 1534 quare
1099 1481 1283 1521 Scholion
1295 1481 1345 1522 fic
1357 1481 1481 1536 potest
1494 1481 1678 1537 suppleri:

406 1533 640 1582 ,Ἀντιφάνους
656 1537 693 1575 ἦν
706 1535 932 1588 Περιθοίὲης,
949 1535 985 1575 ὃν
1005 1534 1117 1588 ὦστρ.
1132 1535 1209 1574 &c.
1227 1536 1390 1575 HEMST.

463 1589 544 1627 ibid.
557 1590 582 1627 l.
605 1601 636 1640 5.
649 1588 719 1627 Καὶ
739 1612 784 1619 -
802 1588 1041 1642 Ἀνέοκίὲηή
1058 1589 1252 1629 Lacunam
1272 1590 1415 1643 prioris
1434 1590 1608 1630 editionis
1628 1602 1679 1630 ex

412 1641 459 1682 C.
480 1641 762 1695 supplevimus,
778 1643 817 1682 in
839 1643 982 1695 quibus
998 1656 1093 1683 mox
1115 1642 1354 1693 ’Ausponisnc
1373 1644 1591 1698 legebatur:
1615 1643 1677 1684 sed

410 1696 506 1735 nihil
525 1697 876 1738 mutavimus.Vid.
897 1697 1022 1737 Schol.
1039 1696 1234 1751 Aristoph.
1249 1697 1296 1736 ad
1309 1696 1426 1752 Vesp.
1449 1711 1484 1752 p.
1505 1699 1679 1748 1001,ad

409 1749 495 1791 Pac.
511 1764 549 1790 v.
564 1749 655 1790 680.
669 1751 827 1790 SOLAN.

467 1805 546 1843 ibid.
570 1805 594 1843 l.
613 1819 649 1858 9.
670 1803 734 1844 (Ως
750 1805 1011 1859 Θεόφραστος)
1031 1805 1140 1845 Haec
1154 1804 1285 1845 omnia
1298 1805 1337 1845 in
1353 1805 1462 1860 impr.
1481 1819 1615 1847 manca
1629 1819 1680 1847 ex

412 1858 460 1900 C.
481 1858 521 1898 δι
539 1857 799 1912 supplevimus
819 1859 860 1898 δι
878 1859 1114 1899 refluximus.
1132 1857 1292 1898 SOLAN.

467 1913 549 1952 ibid.
569 1915 591 1952 l.
613 1927 626 1951 1
638 1927 670 1951 1.
689 1913 854 1966 Φρύγα)
879 1913 990 1952 Prior
1012 1913 1152 1959 editio,
1173 1911 1356 1953 κατελύθη
1368 1943 1382 1959 ,
1400 1912 1464 1951 καὶ
1484 1912 1616 1968 Φρύγα.
1634 1913 1682 1954 δὲ

414 1961 529 2006 αὐτὸν
550 1962 667 2013 εἶναι,
688 1967 822 2020 Φρύγα
842 1967 907 2019 (in
933 1968 976 2007 V.
999 1966 1120 2006 exstat
1145 1967 1261 2013 ww),
1279 1966 1340 2006 sed
1362 1965 1550 2006 scribendi
1571 1980 1684 2008 com·

412 2020 578 2073 pendio,
598 2020 705 2072 quod
723 2022 792 2073 qui
807 2019 1066 2074 descripserat,
1087 2019 1276 2060 affetutus
1297 2033 1377 2060 non
1393 2020 1487 2068 fuit,
1507 2021 1686 2061 nonnihil

414 2072 687 2127 obscuratum)
706 2075 757 2114 εις
771 2076 815 2112 τὸ
832 2075 1009 2126 βάρβαρεν
1026 2075 1280 2114 σκώπτοντες.
1297 2075 1460 2114 HEMST.

469 2129 548 2166 ibid.
568 2129 590 2166 l.
616 2143 675 2176 14.
699 2128 971 2181 Παρελθόντος)
992 2127 1269 2179 Προσελθὸντος·
1293 2128 1369 2168 hoc
1391 2128 1491 2168 enim
1513 2127 1682 2182 postulat

414 2181 469 2231 ’τῷ
481 2183 637 2231 βήματι·
650 2181 846 2231 παρελθεῖν
859 2181 924 2220 ἐπὶ
939 2185 983 2220 τὸ
1000 2182 1104 2231 βῆμα
1118 2183 1260 2234 pariter
1273 2181 1461 2221 usitatum.
1475 2182 1639 2222 HEMST.

445 2280 447 2282 ¹
472 2236 552 2273 ibid.
569 2237 592 2274 l.
611 2249 670 2286 17.
682 2234 913 2288 Ὑπερβόλῳ)
930 2235 1098 2275 Fabulae
1113 2248 1255 2276 nomen
1272 2236 1320 2274 ab
1334 2236 1408 2276 hoc
1426 2233 1508 2289 ipso
1522 2237 1686 2289 Hyper-

416 2289 534 2329 bolo:
554 2289 660 2342 quod
681 2301 764 2328 non
776 2288 1081 2329 animadversum
1101 2290 1138 2328 in
1157 2289 1397 2342 Scriptorum
1410 2288 1563 2338 Indice,
1583 2303 1686 2343 quos

416 2343 590 2383 nominat
609 2343 854 2390 Athenaeus,
873 2343 967 2384 alios
981 2344 1111 2382 itidem
1133 2344 1170 2382 in
1184 2356 1355 2383 errorem
1369 2345 1508 2382 traxit:
1531 2343 1633 2383 reste
1653 2343 1688 2384 l.·

418 2396 562 2436 Meurs.
581 2397 619 2434 in
638 2397 720 2436 Att.
734 2397 917 2436 Biblioth.
931 2397 1097 2437 recenset
1110 2397 1222 2436 etiam
1237 2397 1571 2437 Suid.in11mwv
1588 2396 1689 2437 Ἀθη-

421 2449 534 2498 ναῖσς,
553 2449 728 2499 κωμικός.
754 2450 927 2490 Eiusdem
948 2452 1095 2503 generis
1110 2452 1208 2490 inter
1224 2451 1305 2490 eius
1323 2450 1546 2490 comoedias
1565 2449 1690 2490 Pisan-

420 2505 486 2544 der
510 2505 550 2545 &
573 2503 791 2558 Cleophon.
810 2504 913 2546 Cum
942 2515 1071 2545 autem
1091 2504 1247 2558 Lydum
1274 2504 1369 2545 dixit
1388 2504 1664 2558 Hyperbolum
1677 2535 1694 2557 ,
