1737 3378
394 256 470 290 c11
599 240 696 286 IO.
738 237 1036 283 MATTH.
1085 237 1450 284 GESNERI

389 357 507 386 ornare
524 343 647 395 potest,
669 339 779 392 nescio
798 340 918 394 quibus
939 340 1034 379 rebus
1048 353 1249 386 commotus,
1267 341 1460 392 deponeret,
1475 339 1509 377 t>
1522 339 1645 377 bonum

388 397 600 441 Lucianum,
623 409 698 433 cum
712 393 815 446 sexta
836 394 964 433 circiter
969 408 1052 446 pars
1067 395 1160 432 illius
1175 393 1344 446 praeclare
1365 393 1408 431 ab
1431 393 1505 444 ipso
1526 404 1648 432 curata

388 450 486 501 effer,
503 448 592 500 suas
605 448 672 500 fibi
692 463 742 486 res
765 449 882 486 habere
903 448 1034 486 iuberet.
1067 447 1140 486 Hic
1160 448 1246 486 enim
1268 449 1317 485 ad
1336 461 1410 492 me,
1431 458 1567 485 veterem
1583 443 1647 496 so-

387 504 497 542 dalem
511 502 615 553 suum
637 501 810 554 confligit,
833 501 889 546 ἐν,
899 503 937 552 fi
958 517 1025 540 non
1045 502 1162 549 aliud,
1184 513 1266 540 certe
1293 500 1413 538 Latine
1429 500 1537 551 paule
1555 513 1648 538 com-

389 556 521 595 modius
535 555 752 608 dijertiuffiue
763 555 855 607 loqui
862 554 903 606 se
921 556 1062 594 docerem
1079 555 1211 606 rogavit
1222 584 1234 599 ,
1257 554 1292 592 δ’
1308 554 1522 605 impetravit,
1537 567 1647 605 quan-

388 623 460 649 tum
480 625 542 663 per
554 610 624 648 alia
636 640 649 655 ‚
667 610 820 662 inprimis
838 624 897 660 per
916 609 1117 647 curationem
1136 608 1299 659 Thesauri
1310 607 1465 658 Linguae
1479 607 1623 644 Latinae
1635 634 1648 651 ‚

386 664 493 703 licuit.
515 664 765 714 QuinHilianus
783 663 868 700 enim
891 661 925 699 ἐν
949 662 1083 700 Plinius
1104 662 1215 701 iunior
1237 677 1304 700 non
1328 661 1468 699 multum
1491 659 1648 711 temporis

376 718 445 771 fibi
466 718 692 756 vindicarunt.
720 715 1026 767 Interpretationem
1048 716 1151 768 igitur
1170 716 1270 766 plane
1304 730 1449 762 novam,
1470 716 1562 766 quod
1585 713 1647 751 ὥιι

387 773 431 826 est
441 787 515 811 cum
528 784 687 824 optarunt
703 770 822 808 eruditi
843 769 990 808 homines
1004 799 1016 814 ,
1039 769 1170 808 condidi
1191 784 1214 806 a
1233 768 1341 806 libello
1359 769 1433 806 inde
1451 770 1490 806 de
1501 767 1647 818 Sacrifi-

388 826 460 865 ciis.
476 827 623 870 Eorum,
637 839 720 877 quae
735 824 950 874 praecedunt,
961 823 1133 873 verfionem
1146 823 1346 866 emendavit,
1359 834 1460 872 puto,
1473 821 1515 860 cl.
1526 821 1649 860 Hem-

388 877 602 918 flerhufius.
640 879 748 916 Porro
777 878 812 914 in
834 877 1079 927 interpretando
1110 890 1182 913 eam
1212 876 1371 914 rationem
1395 876 1511 920 tenui,
1541 887 1580 913 ut
1603 889 1649 913 ex

391 933 524 971 Graeco
547 932 727 983 exempLzri
756 931 975 981 Hagenoenfi
994 927 1203 980 transferrem
1237 930 1350 968 omnia
1362 957 1375 974 ,
1405 943 1474 967 non
1504 927 1650 981 inspecta

385 987 483 1040 prius
503 986 574 1024 alia
591 985 855 1036 interpretatione
870 1014 881 1029 ,
903 997 1002 1035 quam
1013 995 1083 1021 tum
1095 985 1225 1021 demum
1243 983 1396 1021 adhibere
1405 982 1553 1034 fiylebam
1564 1012 1577 1028 ,
1591 983 1650 1021 ubi

388 1040 521 1093 aliquid
535 1040 623 1078 circa
636 1038 800 1076 lec‘lionem
813 1037 1030 1076 dubitationis
1043 1035 1215 1088 offerretur
1225 1066 1236 1081 ‚
1265 1049 1304 1074 ut
1321 1049 1422 1088 quam
1435 1035 1576 1086 secutus
1599 1034 1653 1087 es-

380 1093 438 1146 set
450 1093 604 1146 superior
625 1092 807 1145 interpres,
833 1091 942 1129 liberet
967 1091 1145 1142 exquirere.
1173 1090 1282 1141 Igitur
1301 1105 1369 1129 non
1393 1090 1499 1129 habeo
1521 1090 1624 1128 dicere
1637 1117 1652 1138 ,

388 1159 555 1200 quatenus
581 1161 653 1185 mea
680 1146 910 1196 interpretatio
933 1144 987 1182 vel
1011 1144 1187 1183 conveniat
1209 1159 1283 1182 cum
1309 1144 1475 1196 vulgata,
1501 1144 1568 1194 (id
1585 1145 1651 1197 est,

388 1217 429 1239 ea
442 1231 454 1247 ,
473 1216 573 1255 quam
588 1200 783 1238 Benediflus
803 1200 1008 1238 emendatam
1027 1214 1049 1235 a
1064 1197 1103 1249 se
1119 1200 1154 1236 C?
1178 1198 1411 1248 interpolatam
1426 1197 1535 1244 dedit,
1554 1213 1577 1236 a
1597 1197 1651 1236 ὦ·

388 1257 493 1307 versts
515 1254 702 1293 auetoribus
716 1252 910 1305 scriptam)
931 1253 986 1290 vel
1000 1254 1043 1289 ab
1065 1267 1103 1289 ea
1123 1251 1280 1303 discrepet
1292 1281 1304 1298 ,
1326 1251 1440 1290 melior
1451 1250 1512 1288 illa
1520 1252 1590 1302 fit,
1603 1267 1651 1290 an

390 1309 541 1348 deterior.
564 1308 646 1346 Hoc
659 1320 790 1345 tantum
798 1306 872 1358 scio
883 1337 897 1352 ,
916 1321 990 1345 curn
1007 1305 1138 1344 iuvenis
1159 1310 1330 1343 traHarem
1346 1305 1535 1344 Lucianum
1545 1304 1651 1357 ,si-x-

390 1363 495 1401 centis
516 1362 598 1401 locis
619 1376 668 1399 me
691 1359 850 1412 offensum
873 1360 1038 1412 vulgata,
1061 1374 1161 1410 quam
1181 1359 1277 1404 dixi,
1297 1358 1567 1410 interpretatione
1580 1389 1593 1405 ,
1614 1359 1652 1398 δ’

387 1416 458 1458 iam
477 1429 547 1454 tum
559 1414 709 1466 speraffi
732 1414 848 1453 melius
867 1413 998 1465 aliquid
1010 1429 1031 1451 a
1055 1429 1103 1451 me
1120 1412 1213 1464 poffi
1232 1413 1329 1451 dari:
1349 1427 1432 1464 quae
1445 1412 1526 1466 spes
1543 1428 1582 1451 ne
1600 1428 1654 1452 me

382 1468 546 1522 falleret,
565 1467 714 1521 studiose
736 1468 881 1520 equidem
902 1467 1093 1506 elaboravi:
1115 1467 1149 1504 ὁ·
1172 1466 1259 1504 illud
1282 1467 1364 1505 inter
1386 1467 1458 1504 alia
1479 1467 1553 1505 dedi
1575 1482 1654 1520 ope-

388 1538 462 1562 ram
475 1552 485 1569 ,
508 1533 570 1567 ut,
587 1533 750 1574 quantum
774 1521 844 1559 eius
860 1534 921 1571 per
934 1520 1105 1571 utriusque
1122 1519 1256 1570 linguae
1280 1519 1424 1559 rationes
1442 1520 1564 1566 liceret,
1581 1536 1651 1560 nore

388 1575 582 1626 cz‘iscederem
595 1591 618 1613 a
622 1575 834 1626 fingulorum
851 1575 1019 1612 verborum
1022 1574 1289 1625 fignificatione‚
1310 1589 1367 1612 nec
1384 1574 1428 1612 ab
1447 1574 1558 1613 ordine
1573 1589 1650 1614 ver-

389 1630 529 1675 borum,
553 1629 588 1667 6·
600 1630 719 1681 figura
733 1627 882 1666 dictionis
891 1642 908 1674 ,-
925 1627 990 1680 sed
998 1626 1107 1688 ipsum
1125 1642 1253 1680 quoque
1268 1642 1376 1680 genus
1392 1627 1539 1675 dicendi,
1556 1642 1651 1668 eum·
1707 1655 1710 1658 -

389 1698 471 1736 que,
497 1697 593 1734 quem
616 1684 804 1721 charactera
820 1693 960 1728 vocant,
973 1696 1202 1734 exprimerem:
1217 1683 1310 1734 quod
1325 1681 1394 1720 illis
1408 1682 1585 1734 praecipue
1596 1682 1652 1722 lo-

389 1737 441 1776 cis
463 1736 691 1790 difficultatem
704 1736 843 1782 habuit,
862 1735 918 1773 ubi
931 1747 1121 1788 corruptum
1128 1733 1311 1786 sermonem
1331 1735 1464 1775 ridendo
1483 1736 1648 1785 imitatur,

389 1791 602 1829 &imitando
619 1789 794 1828 ridiculum
801 1788 895 1840 facit
910 1792 1032 1828 auctor.
1054 1789 1196 1841 Iniquus
1217 1801 1292 1840 ergo
1304 1787 1432 1840 fucrit,
1443 1791 1480 1841 si
1499 1790 1574 1842 quis
1594 1803 1650 1829 ta-

392 1845 480 1883 libus
500 1843 584 1882 locis
603 1842 814 1895 offendatur,
837 1855 900 1881 aut
919 1843 1004 1880 vitia
1019 1842 1176 1893 accuset,
1197 1858 1281 1894 quae
1297 1844 1384 1883 ultro
1407 1842 1649 1895 affet‘lavimu33

392 1898 444 1937 uti
455 1897 580 1950 similis
597 1896 673 1949 effi’t
685 1897 874 1935 Lucianeae
889 1899 998 1950 nostra
1020 1897 1137 1936 oratio.
1170 1897 1240 1935 Ubi
1251 1897 1354 1949 plane
1371 1897 1459 1936 nihil
1469 1897 1652 1951 difficulta-
1675 1907 1697 1936 '.

391 1953 438 1992 tis
451 1964 521 1990 erat
535 1952 569 1990 in
586 1951 742 1996 Graecis,
759 1951 870 1989 minus
874 1950 1084 2002 finffulorum
1102 1951 1260 1990 rationem
1274 1952 1445 1991 verborum
1458 1953 1651 2000 habuimus,
1703 1986 1706 1988 ,

930 1983 950 2004 ὸ

381 2008 422 2060 fi
433 2021 470 2045 eo
490 2020 603 2059 genere
621 2005 833 2050 charactera,
856 2019 949 2057 quem
969 2005 1062 2050 dixi,
1079 2003 1206 2056 affiqui
1221 2003 1365 2056 facilius
1387 2020 1449 2043 nos
1464 2005 1558 2058 poffi
1568 2006 1651 2059 spe-
1699 2007 1709 2053 ;ι

391 2061 572 2105 rabamus,
595 2059 746 2112 inprimis
761 2059 803 2097 iis
822 2059 858 2096 in
876 2058 981 2105 locis,
1004 2059 1061 2097 ubi
1076 2059 1226 2110 poeticas
1241 2057 1433 2110 formulas,
1452 2071 1516 2098 aut
1533 2059 1651 2112 verfics
1697 2072 1706 2096 ὴ

392 2113 539 2165 integros
557 2113 700 2151 Homeri
714 2113 747 2150 δ’
766 2113 910 2152 aliorum
921 2142 935 2158 ,
949 2111 1173 2165 parodiafique
1194 2114 1278 2152 adeo
1289 2143 1301 2160 ‚
1324 2113 1469 2152 intexit:
1488 2115 1580 2166 quod
1590 2127 1651 2166 ge-
1696 2123 1706 2156 ἰ,

393 2183 460 2206 nus
482 2168 545 2205 vix
556 2169 606 2205 ad
618 2167 750 2205 verbum
773 2167 850 2205 licet
867 2167 1043 2219 exprimere
1057 2195 1066 2212 ,
1088 2167 1151 2217 nisi
1167 2166 1310 2219 putidus
1323 2167 1402 2218 fieri
1419 2167 1517 2214 velis,
1537 2167 1572 2206 δ’
1584 2182 1650 2220 pro
1695 2164 1706 2174 ””

392 2221 542 2262 iucunda
557 2219 718 2272 fislsaque
741 2221 889 2258 oratione
907 2219 1104 2271 languidum
1120 2219 1154 2257 6¹
1166 2219 1307 2271 fiztuum
1316 2220 1499 2272 sermonem
1513 2223 1650 2262 reddere.

447 2274 573 2314 Servilc
596 2274 681 2313 enim
696 2274 783 2313 illud
797 2274 832 2312 6¹
853 2274 1082 2313 interlineari
1094 2275 1204 2324 simile
1219 2275 1457 2327 interpretanAE
1467 2289 1573 2328 genus
1585 2275 1651 2326 fa·

391 2328 491 2369 cilius
512 2330 561 2367 ad
575 2342 698 2379 pueros
715 2330 984 2380 corrumpendos,
1000 2342 1099 2380 quarn
1119 2328 1170 2365 ad
1178 2327 1407 2378 sublevandos
1420 2329 1651 2383 iuvandosque
1684 2321 1689 2355 Ἰ

392 2384 484 2422 viros
503 2383 660 2432 pertinere
675 2412 687 2430 ,
709 2382 918 2421 iudicamus:
942 2394 981 2419 ut
1001 2393 1116 2420 contra
1141 2381 1234 2419 illam
1258 2382 1437 2421 Gallorum
1455 2381 1648 2436 praesertim

391 2438 599 2490 quorundam
619 2435 784 2474 licentiam
813 2435 908 2473 bonis
930 2435 1033 2473 literis
1048 2433 1170 2485 fraudi
1192 2435 1256 2487 ff
1279 2435 1444 2482 dicimus,
1465 2452 1532 2489 qua
1553 2452 1648 2485 non,
1682 2427 1699 2446 ”

390 2489 476 2543 quid
482 2490 549 2540 fibi
568 2489 712 2528 voluerit
723 2488 914 2534 Luc-ianus,
928 2487 1106 2539 speblavit,
1126 2499 1164 2526 ut
1184 2490 1246 2528 hoc
1261 2489 1463 2548 potiffimum
1485 2490 1540 2529 hic
1555 2503 1650 2538 utar,
1686 2522 1694 2531 .

389 2542 652 2590 Ablaneurtius,
663 2541 729 2599 sed
749 2542 832 2596 quid
847 2558 870 2582 a
888 2542 1091 2583 mulierculis
1111 2541 1146 2580 δ’
1169 2542 1302 2585 cirratis
1309 2543 1416 2596 facile
1433 2545 1510 2600 capi
1524 2543 1559 2583 ee
1566 2558 1651 2598 pro<

507 2651 525 2672 d

1720 698 1721 705 ⁴
1727 662 1735 673 -.
1719 594 1732 653 ,Q
1719 351 1737 569 &Um-mr&
1710 202 1737 337 <onan->¹⁸4
1706 0 1737 193 ⁸⁵52&
