1737 3378
443 228 534 274 235
644 222 1510 275 ANNOTATIONES

493 314 566 349 ead.
586 311 609 348 l.
630 326 666 360 4.
687 310 920 364 Φιλοσοφία)
943 311 1027 363 Qui
1047 312 1268 361 φιλοσοφίας
1287 313 1376 352 εἰσιν
1397 313 1544 366 ἀχλὺς,
1563 329 1610 356 ne
1629 316 1700 356 mi·
1731 351 1734 353 .

436 366 588 403 nimum
612 365 766 418 quidem
800 377 983 405 verarum
1014 366 1265 419 voluptatum
1295 367 1493 421 percipere
1533 369 1699 423 possunt.
1721 371 1733 401 ⁴

437 418 611 457 Eoum).
1729 419 1737 466 j

492 476 566 510 ead.
585 473 608 510 l.
637 485 668 524 5.
686 472 740 511 Ἐν
761 472 835 510 τοῖς
859 471 1091 517 βαλανείοις)
1113 472 1269 512 Novam
1289 472 1497 526 ingreditur
1515 477 1700 516 narratio-
1731 488 1737 507 ·'

435 537 525 564 nem
541 538 683 565 eorum
698 555 709 571 ,
729 538 829 579 quae
846 526 887 564 in
906 525 1047 565 balneis
1065 525 1181 566 fiunt:
1206 527 1252 567 de
1268 527 1408 580 quibus
1429 528 1558 569 dixere
1577 530 1623 569 ad
1636 530 1702 570 Se-
1718 522 1726 532 ”

436 591 595 625 necam,
619 580 761 618 Athen.
779 579 895 632 Apul.
918 580 1090 619 BouRn.

489 637 565 673 ead.
587 634 610 672 I.
629 646 667 678 7.
686 633 773 672 Τοὺς
788 633 1037 682 ἐπικειμένους·
1054 633 1132 673 τοῖς
1155 633 1340 686 οἰκέταις)
1361 633 1421 674 Sic
1434 634 1471 674 in
1490 636 1579 676 dial.
1596 650 1701 678 mor·

434 696 539 726 tuor.
553 687 598 726 de
616 685 829 739 Terpfione
851 686 892 726 δι
908 686 1083 727 Plutone.
1099 687 1267 727 οἰκέταις
1285 689 1460 739 τέτρασιν
1480 689 1699 737 {manumi-

434 755 502 779 τα.
529 742 567 779 in
587 741 758 780 Somnio.
777 739 837 778 Sic
858 740 898 778 in
918 738 1095 791 Cynico:
1116 742 1180 779 καὶ
1195 740 1377 792 κοιμᾶσθε
1396 740 1525 792 ὁμοίως
1545 743 1612 783 καὶ
1627 745 1696 790 βα·

435 793 589 846 sige-ts,
610 791 758 844 μᾶλλον
780 792 825 833 ἑὲ
852 792 1018 843 βαέίζειν
1042 789 1106 832 οὐκ,
1131 794 1299 840 ἐθέλετε,
1322 795 1485 846 φέρεσθε
1507 795 1551 836 δὲ
1573 795 1700 851 ὥσπερ

435 849 491 886 τα
506 849 644 901 φορτία
655 877 666 894 .,
689 846 799 897 οἱμὲν
819 842 885 885 ὑπ’
901 846 1106 898 ἀνθρώπων,
1121 847 1152 886 οἱ
1164 846 1210 886 Xe
1226 845 1298 888 ὑπδ
1313 848 1462 890 κτηνῶν.
1477 849 1650 891 BOURD.

490 902 568 941 ibid.
594 900 727 954 Μικροῦ
750 900 1028 953 ἐκφερομένους)
1050 900 1164 941 Iocus
1187 913 1238 940 ex
1264 902 1470 955 ambiguo,
1489 905 1610 957 qualis
1635 904 1698 946 ille

435 955 537 1007 apud
556 955 676 994 Plaut.
698 955 946 1008 Amphitruo.
963 953 1032 993 aust.
1054 968 1069 993 1
1083 985 1095 1002 ‚
1116 953 1163 994 sc.
1189 967 1204 992 1
1224 967 1232 993 :
1257 955 1377 995 Merc.
1399 957 1539 996 Faciam
1557 972 1616 1010 ego
1630 959 1695 998 lto-

434 1011 486 1046 di.»
506 1021 536 1048 te
549 1008 754 1062 superbum,
774 1009 810 1046 ni
830 1009 906 1048 hinc
925 1008 1010 1046 abif.
1030 1008 1096 1047 So.
1114 1010 1274 1059 Quonam
1294 1011 1421 1048 modo?
1440 1010 1559 1051 Merc.
1582 1013 1696 1063 Aufi-

434 1077 518 1108 τετε,
539 1079 607 1102 non
631 1063 759 1108 abibis,
789 1079 801 1100 z
828 1077 886 1114 ego
901 1060 1023 1115 fitstem
1037 1061 1201 1113 sumsero.
1217 1062 1357 1102 Voluit
1373 1061 1570 1103 Plautinus
1588 1065 1694 1105 Mer·

431 1117 562 1157 curius
579 1115 731 1168 ecfercre:
750 1129 866 1169 quam
887 1128 1053 1162 vocem,
1074 1115 1258 1169 quoniam
1276 1128 1358 1155 non
1379 1117 1424 1154 ad
1441 1116 1622 1167 salivam,
1637 1120 1694 1158 in-

431 1181 618 1223 terpretes
631 1181 898 1210 mutaverunt:
921 1180 1038 1221 atque
1058 1170 1159 1209 ratio
1177 1170 1226 1208 ibi
1240 1169 1344 1210 nulla
1361 1169 1533 1218 constat,
1553 1185 1625 1212 nec
1637 1173 1695 1213 io—

430 1238 500 1264 cns
514 1225 613 1264 ullus
625 1256 636 1273 ‚
652 1223 680 1263 si
704 1224 888 1263 librorum
909 1222 1022 1263 leffio
1040 1225 1261 1263 retineatur.
1280 1223 1441 1276 Superbi
1456 1225 1508 1264 ita
1526 1224 1694 1266 efferun-

432 1290 517 1324 tur,
534 1290 576 1319 ut
593 1279 759 1317 aliorum
775 1277 944 1317 humeris
963 1277 1002 1316 δε
1022 1277 1237 1317 cervicibus
1255 1277 1455 1317 insultent:
1474 1281 1618 1319 mortui
1632 1279 1694 1320 su·

432 1333 540 1385 perbi
560 1332 645 1372 sunt
657 1360 668 1377 ‚
691 1332 783 1384 quia
799 1332 911 1370 etiam
926 1331 1091 1370 aliorum
1107 1331 1274 1370 humeris
1293 1331 1392 1371 elati.
1414 1331 1503 1373 hinc
1517 1335 1694 1387 propria-

430 1388 498 1424 tim
519 1385 623 1439 effir,›·i
644 1397 912 1431 mortuorum,
933 1396 977 1424 ut
1003 1385 1105 1437 apud
1132 1384 1284 1424 Atticos
1308 1385 1535 1438 ἐκφέρεσθαι.
1560 1400 1610 1427 ex
1633 1388 1693 1428 his

431 1434 539 1479 mens}
554 1440 703 1488 Nigrini
715 1439 857 1492 percipi
873 1437 1009 1492 potest.
1027 1439 1199 1478 BoURD.

484 1494 563 1534 ibid.
576 1489 866 1546 Ἐἓιφερομένους)
884 1493 948 1531 Ab
965 1492 1072 1531 elatis
1085 1493 1130 1532 ad
1151 1491 1315 1545 gestatos
1329 1492 1371 1532 δι
1383 1492 1501 1534 servis
1514 1494 1665 1535 innixos
1678 1524 1691 1544 ‚

427 1547 535 1601 quasi
559 1547 634 1586 suis
658 1547 724 1600 ipsi
746 1546 902 1599 pedibus
924 1545 1066 1599 ingredi
1088 1559 1167 1587 non
1191 1545 1361 1599 poffenr,
1384 1547 1511 1586 iocum
1533 1559 1691 1600 petunt:
1735 1565 1737 1607 Α

430 1602 466 1640 id
489 1602 564 1641 hoc
587 1602 702 1641 etiam
724 1601 883 1640 Luciani
904 1600 995 1640 loco
1015 1599 1171 1639 illustrat
1195 1600 1226 1639 1.
1253 1599 1315 1639 Fr.
1338 1601 1569 1642 Gronovius
1595 1602 1691 1644 obs.

429 1655 490 1701 Π,
519 1670 580 1709 15,
603 1669 640 1708 p.
666 1670 752 1708 334.
774 1653 999 1694 Pofidonius
1020 1654 1119 1706 apud
1139 1654 1278 1693 Athen.
1300 1653 1398 1703 XII,
1420 1669 1456 1708 p.
1484 1668 1556 1707 550
1574 1655 1617 1695 Β.
1642 1657 1689 1698 de

429 1709 651 1749 Ptolemaeo
671 1710 876 1762 Euergete:
899 1708 933 1747 ἐν
948 1706 1072 1757 mm?
1087 1707 1131 1747 δὲ
1147 1707 1263 1761 τρυφῖι
1280 1707 1347 1758 ζῶν
1364 1704 1449 1747 οὖὲὲ
1464 1709 1603 1750 πατεῖν
1617 1707 1690 1751 cibe

427 1779 472 1803 τε
487 1758 539 1809 ῗίν,
560 1764 591 1802 εἰ
607 1763 660 1814 μή
680 1762 788 1802 δυσὶν
808 1762 1144 1814 ἐπαπερειδόμενος
1161 1760 1362 1814 ἐπορεύετο.
1384 1761 1421 1802 Is
1440 1774 1565 1802 tamen
1586 1763 1688 1805 idem

426 1818 463 1856 in
475 1816 679 1872 sympofiis
689 1818 733 1856 ad
744 1816 950 1856 saltandum
963 1815 1175 1855 citatiffimo
1185 1815 1299 1855 cursu
1311 1813 1516 1856 ferebatur.
1526 1817 1690 1859 Hmsr.

481 1875 555 1910 ead.
577 1873 601 1910 l.
623 1884 660 1923 9.
679 1871 878 1923 Προϊόντας
897 1868 976 1922 7⁶2?
995 1869 1124 1922 τινας)
1141 1871 1257 1910 Hunc
1269 1869 1401 1909 locum
1418 1870 1688 1923 interpretatur

426 1924 589 1965 Casaub.
610 1926 656 1965 ad
676 1925 738 1964 lib.
766 1940 782 1978 3
807 1924 911 1964 Suet.
931 1924 1102 1963 Bonan.
1125 1924 1257 1963 Utitur
1278 1923 1456 1963 hocloco
1470 1923 1688 1968 Casaubon.

425 1980 472 2018 ad
494 1980 651 2019 Sueton.
675 1979 803 2018 Tiber.
825 1991 857 2017 c.
883 1978 946 2016 60.
967 1977 1078 2017 Adde
1103 1977 1224 2017 Clem.
1246 1976 1358 2016 Paed.
1380 1976 1456 2027 111,
1474 1991 1511 2030 p.
1536 1991 1608 2033 253
1632 1980 1685 2022 Α.

426 2033 598 2073 Larenfis
611 2033 710 2086 apud
722 2032 864 2072 Athen.
881 2031 956 2077 VI,
969 2045 1004 2084 p.
1023 2045 1097 2082 272
1113 2031 1156 2070 E.
1175 2044 1263 2071 cum
1275 2030 1433 2078 dixiffet‚
1447 2032 1592 2072 multos
1606 2033 1687 2074 Ro·

425 2100 631 2126 manorum
645 2087 790 2133 decem,
807 2086 926 2124 immo
939 2086 1078 2138 viginti
1091 2085 1194 2124 mille
1208 2084 1341 2124 servos
1355 2086 1397 2126 &
1411 2085 1510 2125 ultra
1526 2085 1686 2140 poffide-

424 2154 486 2190 re,
514 2140 728 2194 subiungit:
751 2141 837 2178 αλλ’
863 2139 893 2183 οἱ
919 2139 1070 2178 πλείους
1095 2138 1168 2178 τῶν
1195 2138 1376 2188 Ῥωμαίων
1408 2140 1706 2191 συμπροϊόντας’

422 2194 563 2246 ἔχουσι
581 2195 666 2234 τοὺς
689 2195 907 2233 πλείστους.
924 2193 1052 2232 Amm.
1073 2192 1282 2251 Marcel‘lin.
1300 2191 1412 2239 XIV,
1428 2205 1462 2233 c.
1485 2194 1524 2242 6,
1547 2208 1583 2246 p.
1607 2207 1682 2248 29,

422 2248 464 2287 a&
482 2251 532 2288 H.
549 2248 674 2289 Vales.
692 2249 791 2288 Mox
810 2247 1012 2300 legendum
1030 2248 1190 2286 omnino
1208 2246 1443 2298 ὑπερβαίνειν·
1459 2259 1594 2300 parum
1613 2250 1682 2289 ab·

421 2302 517 2350 fuit,
535 2304 626 2356 quin
645 2304 683 2342 in
704 2302 876 2341 Luciano
893 2313 1132 2355 reponerem.
1157 2300 1278 2340 Paulo
1300 2299 1386 2354 post
1409 2300 1532 2340 malo:
1551 2300 1683 2342 ταῦτα.

420 2356 517 2410 ’γοῦν
537 2355 641 2396 αὕτα
657 2373 702 2396 π.
723 2358 884 2395 HEMST.

472 2414 547 2451 ead.
567 2412 591 2450 l.
612 2425 624 2449 ι
633 2410 718 2450 ο.Ἢ
732 2407 1039 2462 παραγγελλὺν)
1053 2406 1204 2461 Castiga
1218 2407 1524 2460 παραγγέλλειν.
1537 2408 1680 2450 BROD.

473 2466 564 2518 Pag.
589 2466 646 2518 56.
665 2465 689 2503 l.
712 2478 745 2503 2.
770 2462 1065 2515 Πεπιιρωμὲνοις)
1086 2463 1303 2501 Excaecatis.
1324 2462 1463 2501 BROD.

472 2524 547 2560 ead.
562 2521 586 2560 I.
602 2533 640 2573 7.
655 2520 701 2557 Tb
717 2516 788 2558 τῶν
803 2518 975 2558 Φαιάκων
992 2516 1130 2566 πάθος)
1143 2516 1287 2569 Tangit
1300 2517 1372 2555 hos
1385 2514 1517 2556 versus
1529 2516 1678 2568 Home}
