<?xml version="1.0" encoding="UTF-8"?>
<!DOCTYPE html PUBLIC "-//W3C//DTD XHTML 1.0 Transitional//EN"
    "http://www.w3.org/TR/xhtml1/DTD/xhtml1-transitional.dtd">
<html xmlns="http://www.w3.org/1999/xhtml" xml:lang="en" lang="en">
 <head>
  <title>
</title>
<meta http-equiv="Content-Type" content="text/html;charset=utf-8" />
  <meta name='ocr-system' content='tesseract 3.04.00' />
  <meta name='ocr-capabilities' content='ocr_page ocr_carea ocr_par ocr_line ocrx_word'/>
</head>
<body>
  <div class='ocr_page' id='page_1' title='image "./operagraeceetlat01luciuoft/operagraeceetlat01luciuoft_0535.png"; bbox 0 0 1737 3378; ppageno 0'>
   <div class='ocr_carea' id='block_1_1' title="bbox 364 184 1359 284">
    <p class='ocr_par' dir='ltr' id='par_1_1' title="bbox 364 184 1359 284">
     <span class='ocr_line' id='line_1_1' title="bbox 364 184 1359 284; baseline 0.005 -20"><span class='ocrx_word' id='word_1_1' title='bbox 364 184 1064 264; x_wconf 56' lang='lat' dir='ltr'><strong>INTIMONEM.</strong></span> <span class='ocrx_word' id='word_1_2' title='bbox 1255 222 1359 284; x_wconf 62' lang='lat'>2207</span> 
     </span>
    </p>
   </div>
   <div class='ocr_carea' id='block_1_2' title="bbox 80 308 1354 1110">
    <p class='ocr_par' dir='ltr' id='par_1_2' title="bbox 80 308 1354 1110">
     <span class='ocr_line' id='line_1_2' title="bbox 82 308 1354 362; baseline 0 -12"><span class='ocrx_word' id='word_1_3' title='bbox 82 321 128 351; x_wconf 84' lang='lat' dir='ltr'>ra</span> <span class='ocrx_word' id='word_1_4' title='bbox 141 308 318 350; x_wconf 73' lang='lat' dir='ltr'>reli6tum</span> <span class='ocrx_word' id='word_1_5' title='bbox 338 308 441 348; x_wconf 86' lang='lat' dir='ltr'>intus</span> <span class='ocrx_word' id='word_1_6' title='bbox 457 308 596 349; x_wconf 83' lang='lat' dir='ltr'>iufferit</span> <span class='ocrx_word' id='word_1_7' title='bbox 609 321 785 355; x_wconf 85' lang='lat' dir='ltr'>manere,</span> <span class='ocrx_word' id='word_1_8' title='bbox 805 321 874 348; x_wconf 88' lang='lat' dir='ltr'>nec</span> <span class='ocrx_word' id='word_1_9' title='bbox 895 309 1078 361; x_wconf 82' lang='lat' dir='ltr'>cuiquam</span> <span class='ocrx_word' id='word_1_10' title='bbox 1092 308 1262 362; x_wconf 83' lang='lat' dir='ltr'>aperire,</span> <span class='ocrx_word' id='word_1_11' title='bbox 1282 310 1354 350; x_wconf 84' lang='lat' dir='ltr'>nifi</span> 
     </span>
     <span class='ocr_line' id='line_1_3' title="bbox 80 362 1352 418; baseline -0.002 -12"><span class='ocrx_word' id='word_1_12' title='bbox 80 363 119 406; x_wconf 84' lang='lat' dir='ltr'>se</span> <span class='ocrx_word' id='word_1_13' title='bbox 133 363 325 404; x_wconf 84' lang='lat' dir='ltr'>audiverit</span> <span class='ocrx_word' id='word_1_14' title='bbox 338 374 586 403; x_wconf 76' lang='lat' dir='ltr'><strong>evocantem.</strong></span> <span class='ocrx_word' id='word_1_15' title='bbox 598 362 707 403; x_wconf 84' lang='lat' dir='ltr'>Olim</span> <span class='ocrx_word' id='word_1_16' title='bbox 723 363 762 401; x_wconf 91' lang='lat' dir='ltr'>in</span> <span class='ocrx_word' id='word_1_17' title='bbox 776 372 941 402; x_wconf 85' lang='lat' dir='ltr'>mentem</span> <span class='ocrx_word' id='word_1_18' title='bbox 955 363 1048 401; x_wconf 88' lang='lat' dir='ltr'>mihi</span> <span class='ocrx_word' id='word_1_19' title='bbox 1062 374 1235 410; x_wconf 81' lang='lat' dir='ltr'>venerat,</span> <span class='ocrx_word' id='word_1_20' title='bbox 1254 363 1352 418; x_wconf 69' lang='grc' dir='ltr'>Ἐγὼ</span> 
     </span>
     <span class='ocr_line' id='line_1_4' title="bbox 82 414 1353 470; baseline 0.002 -14"><span class='ocrx_word' id='word_1_21' title='bbox 82 416 112 456; x_wconf 59' lang='grc' dir='ltr'><em>ὃ</em></span> <span class='ocrx_word' id='word_1_22' title='bbox 114 417 129 456; x_wconf 83' lang='grc' dir='ltr'>ὲ</span> <span class='ocrx_word' id='word_1_23' title='bbox 141 415 270 457; x_wconf 75' lang='grc' dir='ltr'>τοῦτον</span> <span class='ocrx_word' id='word_1_24' title='bbox 288 414 552 467; x_wconf 66' lang='grc' dir='ltr'>ὑποστήσομαι</span> <span class='ocrx_word' id='word_1_25' title='bbox 564 447 576 463; x_wconf 89' lang='grc'>,</span> <span class='ocrx_word' id='word_1_26' title='bbox 597 432 655 470; x_wconf 84' lang='lat' dir='ltr'>ego</span> <span class='ocrx_word' id='word_1_27' title='bbox 674 432 752 455; x_wconf 79' lang='lat' dir='ltr'>vero</span> <span class='ocrx_word' id='word_1_28' title='bbox 765 417 855 455; x_wconf 80' lang='lat' dir='ltr'>hunc</span> <span class='ocrx_word' id='word_1_29' title='bbox 875 417 1081 468; x_wconf 80' lang='lat' dir='ltr'>Thesaurum</span> <span class='ocrx_word' id='word_1_30' title='bbox 1095 417 1154 455; x_wconf 74' lang='lat' dir='ltr'>tibi</span> <span class='ocrx_word' id='word_1_31' title='bbox 1162 418 1228 468; x_wconf 69' lang='lat' dir='ltr'>fid)</span> <span class='ocrx_word' id='word_1_32' title='bbox 1242 419 1353 469; x_wconf 75' lang='lat' dir='ltr'>lIgorze</span> 
     </span>
     <span class='ocr_line' id='line_1_5' title="bbox 81 470 1350 524; baseline 0.001 -13"><span class='ocrx_word' id='word_1_33' title='bbox 81 473 302 524; x_wconf 82' lang='lat' dir='ltr'>constituam,</span> <span class='ocrx_word' id='word_1_34' title='bbox 322 470 410 516; x_wconf 90' lang='lat' dir='ltr'>vel,</span> <span class='ocrx_word' id='word_1_35' title='bbox 431 470 629 523; x_wconf 69' lang='lat' dir='ltr'>sponfiJrem</span> <span class='ocrx_word' id='word_1_36' title='bbox 645 485 707 524; x_wconf 79' lang='lat' dir='ltr'>pro</span> <span class='ocrx_word' id='word_1_37' title='bbox 728 485 778 508; x_wconf 86' lang='lat' dir='ltr'>me</span> <span class='ocrx_word' id='word_1_38' title='bbox 801 471 910 508; x_wconf 78' lang='lat' dir='ltr'>dabo:</span> <span class='ocrx_word' id='word_1_39' title='bbox 932 470 1039 522; x_wconf 90' lang='lat' dir='ltr'>quod</span> <span class='ocrx_word' id='word_1_40' title='bbox 1059 483 1161 510; x_wconf 86' lang='lat' dir='ltr'>nunc</span> <span class='ocrx_word' id='word_1_41' title='bbox 1187 471 1350 512; x_wconf 89' lang='lat' dir='ltr'>damno:</span> 
     </span>
     <span class='ocr_line' id='line_1_6' title="bbox 82 519 1353 574; baseline 0.001 -10"><span class='ocrx_word' id='word_1_42' title='bbox 82 537 170 564; x_wconf 87' lang='lat' dir='ltr'>nam</span> <span class='ocrx_word' id='word_1_43' title='bbox 185 524 226 563; x_wconf 73' lang='grc' dir='ltr'>δι</span> <span class='ocrx_word' id='word_1_44' title='bbox 241 522 479 564; x_wconf 89' lang='lat' dir='ltr'>scribendum</span> <span class='ocrx_word' id='word_1_45' title='bbox 499 524 599 562; x_wconf 88' lang='lat' dir='ltr'>foret</span> <span class='ocrx_word' id='word_1_46' title='bbox 620 519 824 563; x_wconf 64' lang='grc' dir='ltr'>ὑποστήσω</span> <span class='ocrx_word' id='word_1_47' title='bbox 837 553 849 568; x_wconf 95' lang='grc'><em>,</em></span> <span class='ocrx_word' id='word_1_48' title='bbox 867 522 907 562; x_wconf 71' lang='grc' dir='ltr'>ὃ(</span> <span class='ocrx_word' id='word_1_49' title='bbox 927 522 1040 562; x_wconf 81' lang='lat' dir='ltr'>locus</span> <span class='ocrx_word' id='word_1_50' title='bbox 1060 524 1248 574; x_wconf 84' lang='lat' dir='ltr'>Hesychii</span> <span class='ocrx_word' id='word_1_51' title='bbox 1267 525 1353 565; x_wconf 91' lang='lat' dir='ltr'>lon-</span> 
     </span>
     <span class='ocr_line' id='line_1_7' title="bbox 81 573 1350 632; baseline -0.001 -14"><span class='ocrx_word' id='word_1_52' title='bbox 81 591 130 632; x_wconf 87' lang='lat' dir='ltr'>ge</span> <span class='ocrx_word' id='word_1_53' title='bbox 151 577 344 618; x_wconf 85' lang='lat' dir='ltr'>diversum</span> <span class='ocrx_word' id='word_1_54' title='bbox 361 577 476 617; x_wconf 88' lang='lat' dir='ltr'>habet</span> <span class='ocrx_word' id='word_1_55' title='bbox 497 577 664 617; x_wconf 88' lang='lat' dir='ltr'>sensum:</span> <span class='ocrx_word' id='word_1_56' title='bbox 692 573 1031 616; x_wconf 20' lang='lat' dir='ltr'>&amp;oroorffffaivenim</span> <span class='ocrx_word' id='word_1_57' title='bbox 1054 578 1086 615; x_wconf 82' lang='lat' dir='ltr'>is</span> <span class='ocrx_word' id='word_1_58' title='bbox 1103 578 1259 626; x_wconf 83' lang='lat' dir='ltr'>dicitur,</span> <span class='ocrx_word' id='word_1_59' title='bbox 1283 582 1350 632; x_wconf 85' lang='lat' dir='ltr'>qui</span> 
     </span>
     <span class='ocr_line' id='line_1_8' title="bbox 80 628 1351 685; baseline 0.001 -14"><span class='ocrx_word' id='word_1_60' title='bbox 80 631 208 685; x_wconf 84' lang='lat' dir='ltr'>prose</span> <span class='ocrx_word' id='word_1_61' title='bbox 221 632 338 671; x_wconf 88' lang='lat' dir='ltr'>alium</span> <span class='ocrx_word' id='word_1_62' title='bbox 352 662 362 681; x_wconf 86' lang='lat'>‚</span> <span class='ocrx_word' id='word_1_63' title='bbox 381 643 422 671; x_wconf 89' lang='lat' dir='ltr'>ut</span> <span class='ocrx_word' id='word_1_64' title='bbox 438 641 540 670; x_wconf 87' lang='lat' dir='ltr'>emat</span> <span class='ocrx_word' id='word_1_65' title='bbox 550 661 561 678; x_wconf 82' lang='lat'>,</span> <span class='ocrx_word' id='word_1_66' title='bbox 578 630 659 670; x_wconf 85' lang='lat' dir='ltr'>five</span> <span class='ocrx_word' id='word_1_67' title='bbox 672 630 779 683; x_wconf 86' lang='lat' dir='ltr'>quod</span> <span class='ocrx_word' id='word_1_68' title='bbox 792 628 868 682; x_wconf 86' lang='lat' dir='ltr'>ipse</span> <span class='ocrx_word' id='word_1_69' title='bbox 879 630 973 669; x_wconf 84' lang='lat' dir='ltr'>velit</span> <span class='ocrx_word' id='word_1_70' title='bbox 989 631 1133 669; x_wconf 86' lang='lat' dir='ltr'>interea</span> <span class='ocrx_word' id='word_1_71' title='bbox 1148 632 1265 670; x_wconf 86' lang='lat' dir='ltr'>latere</span> <span class='ocrx_word' id='word_1_72' title='bbox 1275 664 1287 681; x_wconf 86' lang='lat'>‚</span> <span class='ocrx_word' id='word_1_73' title='bbox 1305 633 1351 672; x_wconf 78' lang='lat' dir='ltr'>fi-</span> 
     </span>
     <span class='ocr_line' id='line_1_9' title="bbox 84 683 1271 739; baseline -0.002 -13"><span class='ocrx_word' id='word_1_74' title='bbox 84 698 137 726; x_wconf 88' lang='lat' dir='ltr'>ve</span> <span class='ocrx_word' id='word_1_75' title='bbox 148 698 420 739; x_wconf 63' lang='lat' dir='ltr'>quamcunflue</span> <span class='ocrx_word' id='word_1_76' title='bbox 433 685 486 724; x_wconf 93' lang='lat' dir='ltr'>ob</span> <span class='ocrx_word' id='word_1_77' title='bbox 502 683 650 724; x_wconf 86' lang='lat' dir='ltr'>causam</span> <span class='ocrx_word' id='word_1_78' title='bbox 663 715 673 733; x_wconf 89' lang='lat'>‚</span> <span class='ocrx_word' id='word_1_79' title='bbox 694 685 882 723; x_wconf 83' lang='lat' dir='ltr'>vicarium</span> <span class='ocrx_word' id='word_1_80' title='bbox 895 683 1097 723; x_wconf 83' lang='lat' dir='ltr'>substituit.</span> <span class='ocrx_word' id='word_1_81' title='bbox 1110 686 1271 724; x_wconf 76' lang='lat' dir='ltr'>HEMST.</span> 
     </span>
     <span class='ocr_line' id='line_1_10' title="bbox 135 736 1352 792; baseline -0.001 -13"><span class='ocrx_word' id='word_1_82' title='bbox 135 742 210 779; x_wconf 85' lang='lat' dir='ltr'>ead.</span> <span class='ocrx_word' id='word_1_83' title='bbox 222 740 248 778; x_wconf 86' lang='lat' dir='ltr'>l.</span> <span class='ocrx_word' id='word_1_84' title='bbox 267 754 326 792; x_wconf 80' lang='lat'>13.</span> <span class='ocrx_word' id='word_1_85' title='bbox 341 738 386 776; x_wconf 77' lang='grc' dir='ltr'><em>Ὠ</em></span> <span class='ocrx_word' id='word_1_86' title='bbox 405 736 473 778; x_wconf 74' lang='grc' dir='ltr'>Ζεῦ</span> <span class='ocrx_word' id='word_1_87' title='bbox 490 738 692 790; x_wconf 70' lang='grc' dir='ltr'>τέραστιε)</span> <span class='ocrx_word' id='word_1_88' title='bbox 707 737 928 790; x_wconf 83' lang='lat' dir='ltr'>Prodigialis</span> <span class='ocrx_word' id='word_1_89' title='bbox 947 737 1118 791; x_wconf 87' lang='lat' dir='ltr'>Iuppiter</span> <span class='ocrx_word' id='word_1_90' title='bbox 1134 739 1352 778; x_wconf 78' lang='lat' dir='ltr'>invocaba—</span> 
     </span>
     <span class='ocr_line' id='line_1_11' title="bbox 82 792 1352 846; baseline -0.001 -13"><span class='ocrx_word' id='word_1_91' title='bbox 82 803 159 840; x_wconf 84' lang='lat' dir='ltr'>tur,</span> <span class='ocrx_word' id='word_1_92' title='bbox 175 803 219 833; x_wconf 89' lang='lat' dir='ltr'>ut</span> <span class='ocrx_word' id='word_1_93' title='bbox 234 793 408 846; x_wconf 78' lang='lat' dir='ltr'>prodigia</span> <span class='ocrx_word' id='word_1_94' title='bbox 429 792 527 832; x_wconf 89' lang='lat' dir='ltr'>bene</span> <span class='ocrx_word' id='word_1_95' title='bbox 542 801 711 831; x_wconf 86' lang='lat' dir='ltr'>verteret</span> <span class='ocrx_word' id='word_1_96' title='bbox 727 792 793 838; x_wconf 89' lang='lat' dir='ltr'>iis,</span> <span class='ocrx_word' id='word_1_97' title='bbox 815 792 960 845; x_wconf 87' lang='lat' dir='ltr'>quibus</span> <span class='ocrx_word' id='word_1_98' title='bbox 974 792 1254 831; x_wconf 76' lang='lat' dir='ltr'>obveniebant:</span> <span class='ocrx_word' id='word_1_99' title='bbox 1271 804 1352 832; x_wconf 80' lang='lat' dir='ltr'>erat</span> 
     </span>
     <span class='ocr_line' id='line_1_12' title="bbox 81 844 1280 900; baseline -0.002 -13"><span class='ocrx_word' id='word_1_100' title='bbox 81 857 209 887; x_wconf 87' lang='lat' dir='ltr'>autem</span> <span class='ocrx_word' id='word_1_101' title='bbox 225 848 441 900; x_wconf 80' lang='lat' dir='ltr'>prodigium</span> <span class='ocrx_word' id='word_1_102' title='bbox 454 876 468 893; x_wconf 94' lang='lat'>,</span> <span class='ocrx_word' id='word_1_103' title='bbox 481 845 556 885; x_wconf 60' lang='lat' dir='ltr'>ietu</span> <span class='ocrx_word' id='word_1_104' title='bbox 571 846 712 898; x_wconf 86' lang='lat' dir='ltr'>ligonis</span> <span class='ocrx_word' id='word_1_105' title='bbox 727 844 945 885; x_wconf 85' lang='lat' dir='ltr'>thesaurum</span> <span class='ocrx_word' id='word_1_106' title='bbox 960 845 1142 886; x_wconf 88' lang='lat' dir='ltr'>effodere.</span> <span class='ocrx_word' id='word_1_107' title='bbox 1156 845 1280 885; x_wconf 73' lang='lat' dir='ltr'>CLER.</span> 
     </span>
     <span class='ocr_line' id='line_1_13' title="bbox 134 898 1348 952; baseline -0.001 -13"><span class='ocrx_word' id='word_1_108' title='bbox 134 901 215 940; x_wconf 86' lang='lat' dir='ltr'><em>ibid.</em></span> <span class='ocrx_word' id='word_1_109' title='bbox 231 901 332 939; x_wconf 75' lang='grc' dir='ltr'>Φίλοι</span> <span class='ocrx_word' id='word_1_110' title='bbox 351 899 594 952; x_wconf 67' lang='grc' dir='ltr'>Κορύβαντες)</span> <span class='ocrx_word' id='word_1_111' title='bbox 618 899 747 939; x_wconf 85' lang='lat' dir='ltr'>Estote</span> <span class='ocrx_word' id='word_1_112' title='bbox 770 900 862 938; x_wconf 85' lang='lat' dir='ltr'>mihi</span> <span class='ocrx_word' id='word_1_113' title='bbox 884 898 1078 946; x_wconf 87' lang='lat' dir='ltr'>faventes,</span> <span class='ocrx_word' id='word_1_114' title='bbox 1097 913 1124 939; x_wconf 95' lang='lat' dir='ltr'>o</span> <span class='ocrx_word' id='word_1_115' title='bbox 1142 899 1348 952; x_wconf 83' lang='lat' dir='ltr'>Coryban-</span> 
     </span>
     <span class='ocr_line' id='line_1_14' title="bbox 82 952 1350 1005; baseline -0.001 -11"><span class='ocrx_word' id='word_1_116' title='bbox 82 964 151 994; x_wconf 84' lang='lat' dir='ltr'>tes.</span> <span class='ocrx_word' id='word_1_117' title='bbox 164 955 381 994; x_wconf 83' lang='lat' dir='ltr'>Videbatur</span> <span class='ocrx_word' id='word_1_118' title='bbox 394 954 544 994; x_wconf 89' lang='lat' dir='ltr'>Timon</span> <span class='ocrx_word' id='word_1_119' title='bbox 563 953 630 993; x_wconf 78' lang='lat' dir='ltr'>fibi</span> <span class='ocrx_word' id='word_1_120' title='bbox 647 952 901 1005; x_wconf 65' lang='grc' dir='ltr'>κορυβαντιᾶν,</span> <span class='ocrx_word' id='word_1_121' title='bbox 923 953 1000 993; x_wconf 88' lang='lat' dir='ltr'>hoc</span> <span class='ocrx_word' id='word_1_122' title='bbox 1017 953 1070 993; x_wconf 84' lang='lat' dir='ltr'>est</span> <span class='ocrx_word' id='word_1_123' title='bbox 1082 984 1093 999; x_wconf 93' lang='lat'><em>‚</em></span> <span class='ocrx_word' id='word_1_124' title='bbox 1102 954 1214 1005; x_wconf 70' lang='lat' dir='ltr'>surm</span> <span class='ocrx_word' id='word_1_125' title='bbox 1226 985 1238 1001; x_wconf 92' lang='lat'>,</span> <span class='ocrx_word' id='word_1_126' title='bbox 1259 967 1350 995; x_wconf 89' lang='lat' dir='ltr'>cum</span> 
     </span>
     <span class='ocr_line' id='line_1_15' title="bbox 81 1007 1352 1060; baseline 0.001 -13"><span class='ocrx_word' id='word_1_127' title='bbox 81 1008 149 1047; x_wconf 80' lang='lat' dir='ltr'>fibi</span> <span class='ocrx_word' id='word_1_128' title='bbox 162 1007 264 1049; x_wconf 88' lang='lat' dir='ltr'>visus</span> <span class='ocrx_word' id='word_1_129' title='bbox 278 1008 368 1048; x_wconf 85' lang='lat' dir='ltr'>effet</span> <span class='ocrx_word' id='word_1_130' title='bbox 387 1021 479 1048; x_wconf 89' lang='lat' dir='ltr'>cum</span> <span class='ocrx_word' id='word_1_131' title='bbox 493 1008 645 1047; x_wconf 83' lang='lat' dir='ltr'>duobus</span> <span class='ocrx_word' id='word_1_132' title='bbox 660 1008 754 1047; x_wconf 86' lang='lat' dir='ltr'>viris</span> <span class='ocrx_word' id='word_1_133' title='bbox 769 1007 967 1060; x_wconf 89' lang='lat' dir='ltr'>colloqui,</span> <span class='ocrx_word' id='word_1_134' title='bbox 983 1007 1102 1059; x_wconf 84' lang='lat' dir='ltr'>quise</span> <span class='ocrx_word' id='word_1_135' title='bbox 1123 1007 1234 1048; x_wconf 83' lang='lat' dir='ltr'>Deos</span> <span class='ocrx_word' id='word_1_136' title='bbox 1253 1009 1352 1048; x_wconf 89' lang='lat' dir='ltr'>dice—</span> 
     </span>
     <span class='ocr_line' id='line_1_16' title="bbox 80 1061 1351 1110; baseline 0.001 -10"><span class='ocrx_word' id='word_1_137' title='bbox 80 1062 192 1110; x_wconf 82' lang='lat' dir='ltr'>bant,</span> <span class='ocrx_word' id='word_1_138' title='bbox 212 1063 348 1102; x_wconf 90' lang='lat' dir='ltr'>deinde</span> <span class='ocrx_word' id='word_1_139' title='bbox 360 1061 585 1102; x_wconf 82' lang='lat' dir='ltr'>thesaurum</span> <span class='ocrx_word' id='word_1_140' title='bbox 600 1062 786 1101; x_wconf 88' lang='lat' dir='ltr'>invenire.</span> <span class='ocrx_word' id='word_1_141' title='bbox 802 1062 882 1100; x_wconf 87' lang='lat' dir='ltr'>Vix</span> <span class='ocrx_word' id='word_1_142' title='bbox 897 1062 1075 1100; x_wconf 88' lang='lat' dir='ltr'>nimirum</span> <span class='ocrx_word' id='word_1_143' title='bbox 1089 1062 1128 1100; x_wconf 88' lang='lat' dir='ltr'>in</span> <span class='ocrx_word' id='word_1_144' title='bbox 1146 1075 1186 1101; x_wconf 89' lang='lat' dir='ltr'>re</span> <span class='ocrx_word' id='word_1_145' title='bbox 1201 1063 1351 1101; x_wconf 77' lang='lat' dir='ltr'>tamin-</span> 
     </span>
    </p>
   </div>
   <div class='ocr_carea' id='block_1_3' title="bbox 17 1114 1352 1169">
    <p class='ocr_par' dir='ltr' id='par_1_3' title="bbox 17 1114 1352 1169">
     <span class='ocr_line' id='line_1_17' title="bbox 17 1114 1352 1169; baseline -0.001 -14"><span class='ocrx_word' id='word_1_146' title='bbox 17 1158 20 1163; x_wconf 52' lang='lat'>,</span> <span class='ocrx_word' id='word_1_147' title='bbox 79 1115 218 1156; x_wconf 79' lang='lat' dir='ltr'>usitata</span> <span class='ocrx_word' id='word_1_148' title='bbox 234 1116 411 1157; x_wconf 85' lang='lat' dir='ltr'>credebat</span> <span class='ocrx_word' id='word_1_149' title='bbox 438 1117 560 1159; x_wconf 86' lang='lat' dir='ltr'>oculis</span> <span class='ocrx_word' id='word_1_150' title='bbox 576 1115 672 1162; x_wconf 89' lang='lat' dir='ltr'>suis,</span> <span class='ocrx_word' id='word_1_151' title='bbox 694 1115 734 1154; x_wconf 70' lang='grc' dir='ltr'>δι</span> <span class='ocrx_word' id='word_1_152' title='bbox 756 1114 869 1155; x_wconf 89' lang='lat' dir='ltr'>sanus</span> <span class='ocrx_word' id='word_1_153' title='bbox 886 1128 934 1155; x_wconf 89' lang='lat' dir='ltr'>ne</span> <span class='ocrx_word' id='word_1_154' title='bbox 950 1114 1042 1154; x_wconf 78' lang='lat' dir='ltr'>effer</span> <span class='ocrx_word' id='word_1_155' title='bbox 1060 1115 1139 1169; x_wconf 88' lang='lat' dir='ltr'>ipse</span> <span class='ocrx_word' id='word_1_156' title='bbox 1155 1116 1352 1155; x_wconf 87' lang='lat' dir='ltr'>addubita-</span> 
     </span>
    </p>
   </div>
   <div class='ocr_carea' id='block_1_4' title="bbox 79 1168 1352 1547">
    <p class='ocr_par' dir='ltr' id='par_1_4' title="bbox 79 1168 1352 1547">
     <span class='ocr_line' id='line_1_18' title="bbox 81 1168 1352 1222; baseline 0.001 -14"><span class='ocrx_word' id='word_1_157' title='bbox 81 1169 158 1209; x_wconf 87' lang='lat' dir='ltr'>bat.</span> <span class='ocrx_word' id='word_1_158' title='bbox 173 1171 264 1210; x_wconf 89' lang='lat' dir='ltr'>Ideo</span> <span class='ocrx_word' id='word_1_159' title='bbox 275 1170 433 1209; x_wconf 84' lang='lat' dir='ltr'>invocat</span> <span class='ocrx_word' id='word_1_160' title='bbox 445 1169 691 1222; x_wconf 78' lang='lat' dir='ltr'>Corybantes</span> <span class='ocrx_word' id='word_1_161' title='bbox 704 1168 850 1208; x_wconf 88' lang='lat' dir='ltr'>furoris</span> <span class='ocrx_word' id='word_1_162' title='bbox 863 1169 1063 1222; x_wconf 74' lang='lat' dir='ltr'>praesides,</span> <span class='ocrx_word' id='word_1_163' title='bbox 1081 1180 1124 1208; x_wconf 91' lang='lat' dir='ltr'>ut</span> <span class='ocrx_word' id='word_1_164' title='bbox 1136 1169 1203 1208; x_wconf 87' lang='lat' dir='ltr'>fibi</span> <span class='ocrx_word' id='word_1_165' title='bbox 1218 1169 1352 1209; x_wconf 85' lang='lat' dir='ltr'>faven-</span> 
     </span>
     <span class='ocr_line' id='line_1_19' title="bbox 79 1222 1351 1277; baseline 0 -15"><span class='ocrx_word' id='word_1_166' title='bbox 79 1234 137 1263; x_wconf 87' lang='lat' dir='ltr'>tes</span> <span class='ocrx_word' id='word_1_167' title='bbox 151 1223 234 1263; x_wconf 87' lang='lat' dir='ltr'>fint.</span> <span class='ocrx_word' id='word_1_168' title='bbox 257 1226 463 1277; x_wconf 76' lang='lat' dir='ltr'><em>Corybantes</em></span> <span class='ocrx_word' id='word_1_169' title='bbox 478 1223 521 1263; x_wconf 71' lang='grc' dir='ltr'>δε</span> <span class='ocrx_word' id='word_1_170' title='bbox 538 1225 671 1263; x_wconf 84' lang='lat' dir='ltr'>Curetes</span> <span class='ocrx_word' id='word_1_171' title='bbox 685 1234 794 1262; x_wconf 87' lang='lat' dir='ltr'>erant</span> <span class='ocrx_word' id='word_1_172' title='bbox 808 1222 984 1262; x_wconf 84' lang='lat' dir='ltr'>satellites</span> <span class='ocrx_word' id='word_1_173' title='bbox 1005 1222 1112 1263; x_wconf 89' lang='lat' dir='ltr'>Iovis</span> <span class='ocrx_word' id='word_1_174' title='bbox 1123 1253 1134 1270; x_wconf 86' lang='lat'><em>‚</em></span> <span class='ocrx_word' id='word_1_175' title='bbox 1156 1225 1222 1276; x_wconf 87' lang='lat' dir='ltr'>qui</span> <span class='ocrx_word' id='word_1_176' title='bbox 1236 1224 1351 1262; x_wconf 88' lang='lat' dir='ltr'>instar</span> 
     </span>
     <span class='ocr_line' id='line_1_20' title="bbox 81 1276 1352 1329; baseline 0.001 -13"><span class='ocrx_word' id='word_1_177' title='bbox 81 1276 304 1318; x_wconf 87' lang='lat' dir='ltr'>insanorum</span> <span class='ocrx_word' id='word_1_178' title='bbox 318 1278 417 1317; x_wconf 89' lang='lat' dir='ltr'>circa</span> <span class='ocrx_word' id='word_1_179' title='bbox 431 1291 523 1317; x_wconf 92' lang='lat' dir='ltr'>eum</span> <span class='ocrx_word' id='word_1_180' title='bbox 536 1276 682 1316; x_wconf 81' lang='lat' dir='ltr'>saltasse</span> <span class='ocrx_word' id='word_1_181' title='bbox 702 1277 838 1316; x_wconf 89' lang='lat' dir='ltr'>armati</span> <span class='ocrx_word' id='word_1_182' title='bbox 859 1277 1036 1316; x_wconf 87' lang='lat' dir='ltr'>dicuntur</span> <span class='ocrx_word' id='word_1_183' title='bbox 1050 1277 1216 1329; x_wconf 87' lang='lat' dir='ltr'>clypeos</span> <span class='ocrx_word' id='word_1_184' title='bbox 1241 1277 1352 1317; x_wconf 82' lang='lat' dir='ltr'>hastis</span> 
     </span>
     <span class='ocr_line' id='line_1_21' title="bbox 79 1330 1350 1384; baseline 0.001 -14"><span class='ocrx_word' id='word_1_185' title='bbox 79 1332 305 1371; x_wconf 83' lang='lat' dir='ltr'>tundentes:</span> <span class='ocrx_word' id='word_1_186' title='bbox 327 1345 404 1384; x_wconf 82' lang='lat' dir='ltr'>qua</span> <span class='ocrx_word' id='word_1_187' title='bbox 420 1332 466 1370; x_wconf 85' lang='lat' dir='ltr'>de</span> <span class='ocrx_word' id='word_1_188' title='bbox 481 1344 524 1371; x_wconf 92' lang='lat' dir='ltr'>re</span> <span class='ocrx_word' id='word_1_189' title='bbox 538 1331 628 1371; x_wconf 83' lang='lat' dir='ltr'>vide</span> <span class='ocrx_word' id='word_1_190' title='bbox 643 1331 791 1370; x_wconf 84' lang='lat' dir='ltr'>Callim.</span> <span class='ocrx_word' id='word_1_191' title='bbox 814 1332 864 1370; x_wconf 92' lang='lat' dir='ltr'>H.</span> <span class='ocrx_word' id='word_1_192' title='bbox 879 1332 917 1369; x_wconf 91' lang='lat' dir='ltr'>in</span> <span class='ocrx_word' id='word_1_193' title='bbox 939 1331 1022 1370; x_wconf 83' lang='lat' dir='ltr'>Iov.</span> <span class='ocrx_word' id='word_1_194' title='bbox 1038 1346 1077 1370; x_wconf 86' lang='lat' dir='ltr'>v.</span> <span class='ocrx_word' id='word_1_195' title='bbox 1105 1345 1175 1382; x_wconf 86' lang='lat'>52,</span> <span class='ocrx_word' id='word_1_196' title='bbox 1192 1330 1350 1384; x_wconf 80' lang='lat' dir='ltr'>eiusque</span> 
     </span>
     <span class='ocr_line' id='line_1_22' title="bbox 81 1384 1350 1440; baseline 0.002 -17"><span class='ocrx_word' id='word_1_197' title='bbox 81 1384 219 1440; x_wconf 86' lang='lat' dir='ltr'>interp.</span> <span class='ocrx_word' id='word_1_198' title='bbox 235 1384 310 1425; x_wconf 74' lang='grc' dir='ltr'>Τὲὂν</span> <span class='ocrx_word' id='word_1_199' title='bbox 324 1385 370 1425; x_wconf 50' lang='grc' dir='ltr'>ἑὲ</span> <span class='ocrx_word' id='word_1_200' title='bbox 386 1386 621 1439; x_wconf 61' lang='grc' dir='ltr'>Κορυβάντων</span> <span class='ocrx_word' id='word_1_201' title='bbox 634 1384 874 1437; x_wconf 71' lang='grc' dir='ltr'>ὀρχηστικῶν</span> <span class='ocrx_word' id='word_1_202' title='bbox 889 1388 952 1425; x_wconf 69' lang='grc' dir='ltr'>καὶ</span> <span class='ocrx_word' id='word_1_203' title='bbox 967 1384 1277 1424; x_wconf 73' lang='grc' dir='ltr'>ἐνθουσιαστικῶν</span> <span class='ocrx_word' id='word_1_204' title='bbox 1298 1386 1350 1425; x_wconf 83' lang='grc' dir='ltr'>ὀν-</span> 
     </span>
     <span class='ocr_line' id='line_1_23' title="bbox 80 1438 1352 1491; baseline 0 -13"><span class='ocrx_word' id='word_1_205' title='bbox 80 1453 168 1489; x_wconf 76' lang='grc' dir='ltr'>των,</span> <span class='ocrx_word' id='word_1_206' title='bbox 188 1439 251 1478; x_wconf 64' lang='grc' dir='ltr'>καὶ</span> <span class='ocrx_word' id='word_1_207' title='bbox 272 1438 357 1482; x_wconf 78' lang='grc' dir='ltr'>τοὺς</span> <span class='ocrx_word' id='word_1_208' title='bbox 374 1438 542 1491; x_wconf 58' lang='grc' dir='ltr'>μανικῶς</span> <span class='ocrx_word' id='word_1_209' title='bbox 565 1439 792 1489; x_wconf 75' lang='grc' dir='ltr'>κινουμένους</span> <span class='ocrx_word' id='word_1_210' title='bbox 813 1438 1049 1490; x_wconf 67' lang='grc' dir='ltr'>κορυβαντιᾷν</span> <span class='ocrx_word' id='word_1_211' title='bbox 1069 1439 1207 1490; x_wconf 68' lang='grc' dir='ltr'>φαμέν·</span> <span class='ocrx_word' id='word_1_212' title='bbox 1228 1439 1352 1478; x_wconf 72' lang='lat' dir='ltr'>verba</span> 
     </span>
     <span class='ocr_line' id='line_1_24' title="bbox 80 1491 1350 1547; baseline 0 -15"><span class='ocrx_word' id='word_1_213' title='bbox 80 1491 167 1537; x_wconf 77' lang='lat' dir='ltr'>sunt</span> <span class='ocrx_word' id='word_1_214' title='bbox 183 1493 382 1533; x_wconf 82' lang='lat' dir='ltr'>Strabonis</span> <span class='ocrx_word' id='word_1_215' title='bbox 397 1494 458 1540; x_wconf 88' lang='lat' dir='ltr'>X,</span> <span class='ocrx_word' id='word_1_216' title='bbox 476 1507 512 1547; x_wconf 91' lang='lat' dir='ltr'>p.</span> <span class='ocrx_word' id='word_1_217' title='bbox 537 1494 625 1546; x_wconf 83' lang='lat'><strong>326.</strong></span> <span class='ocrx_word' id='word_1_218' title='bbox 642 1492 768 1532; x_wconf 81' lang='lat' dir='ltr'><strong>CLER.</strong></span> <span class='ocrx_word' id='word_1_219' title='bbox 785 1492 895 1545; x_wconf 83' lang='lat' dir='ltr'>Quia</span> <span class='ocrx_word' id='word_1_220' title='bbox 910 1492 1163 1545; x_wconf 81' lang='lat' dir='ltr'>Corybantes</span> <span class='ocrx_word' id='word_1_221' title='bbox 1182 1493 1350 1532; x_wconf 83' lang='lat' dir='ltr'>metalla·</span> 
     </span>
    </p>
   </div>
   <div class='ocr_carea' id='block_1_5' title="bbox 22 1546 1350 1600">
    <p class='ocr_par' dir='ltr' id='par_1_5' title="bbox 22 1546 1350 1600">
     <span class='ocr_line' id='line_1_25' title="bbox 22 1546 1350 1600; baseline 0 -14"><span class='ocrx_word' id='word_1_222' title='bbox 22 1568 25 1571; x_wconf 95' lang='lat'>·</span> <span class='ocrx_word' id='word_1_223' title='bbox 82 1547 140 1586; x_wconf 85' lang='lat' dir='ltr'>rii.</span> <span class='ocrx_word' id='word_1_224' title='bbox 165 1547 382 1586; x_wconf 83' lang='lat' dir='ltr'>ANONYM.</span> <span class='ocrx_word' id='word_1_225' title='bbox 402 1547 494 1587; x_wconf 87' lang='lat' dir='ltr'>lllos</span> <span class='ocrx_word' id='word_1_226' title='bbox 515 1546 654 1586; x_wconf 87' lang='lat' dir='ltr'>furoris</span> <span class='ocrx_word' id='word_1_227' title='bbox 673 1559 945 1599; x_wconf 85' lang='lat' dir='ltr'>terrorumque</span> <span class='ocrx_word' id='word_1_228' title='bbox 968 1548 1259 1600; x_wconf 82' lang='lat' dir='ltr'>repentinorum</span> <span class='ocrx_word' id='word_1_229' title='bbox 1282 1561 1350 1586; x_wconf 83' lang='lat' dir='ltr'>au·</span> 
     </span>
    </p>
   </div>
   <div class='ocr_carea' id='block_1_6' title="bbox 78 1599 1355 2194">
    <p class='ocr_par' dir='ltr' id='par_1_6' title="bbox 78 1599 1355 2194">
     <span class='ocr_line' id='line_1_26' title="bbox 84 1599 1350 1655; baseline 0 -15"><span class='ocrx_word' id='word_1_230' title='bbox 84 1600 210 1641; x_wconf 65' lang='lat' dir='ltr'>&amp;ores</span> <span class='ocrx_word' id='word_1_231' title='bbox 223 1601 506 1655; x_wconf 85' lang='lat' dir='ltr'>propitiabant,</span> <span class='ocrx_word' id='word_1_232' title='bbox 525 1600 554 1640; x_wconf 80' lang='lat' dir='ltr'>st</span> <span class='ocrx_word' id='word_1_233' title='bbox 573 1601 681 1654; x_wconf 89' lang='lat' dir='ltr'>quod</span> <span class='ocrx_word' id='word_1_234' title='bbox 698 1613 920 1654; x_wconf 80' lang='lat' dir='ltr'>portentum</span> <span class='ocrx_word' id='word_1_235' title='bbox 935 1612 1000 1640; x_wconf 83' lang='lat' dir='ltr'>aut</span> <span class='ocrx_word' id='word_1_236' title='bbox 1016 1601 1232 1653; x_wconf 72' lang='lat' dir='ltr'>prodigium</span> <span class='ocrx_word' id='word_1_237' title='bbox 1249 1599 1350 1640; x_wconf 82' lang='lat' dir='ltr'>subi-</span> 
     </span>
     <span class='ocr_line' id='line_1_27' title="bbox 80 1654 1352 1708; baseline 0 -15"><span class='ocrx_word' id='word_1_238' title='bbox 80 1665 125 1694; x_wconf 70' lang='lat' dir='ltr'>to</span> <span class='ocrx_word' id='word_1_239' title='bbox 146 1654 270 1695; x_wconf 80' lang='lat' dir='ltr'>fuiffet</span> <span class='ocrx_word' id='word_1_240' title='bbox 289 1656 485 1701; x_wconf 81' lang='lat' dir='ltr'>oblatum,</span> <span class='ocrx_word' id='word_1_241' title='bbox 508 1655 780 1708; x_wconf 84' lang='lat' dir='ltr'>stuporemque</span> <span class='ocrx_word' id='word_1_242' title='bbox 805 1656 998 1694; x_wconf 84' lang='lat' dir='ltr'>excitaret.</span> <span class='ocrx_word' id='word_1_243' title='bbox 1024 1654 1200 1693; x_wconf 77' lang='lat' dir='ltr'>Similiter</span> <span class='ocrx_word' id='word_1_244' title='bbox 1221 1655 1352 1694; x_wconf 83' lang='lat' dir='ltr'>excla—</span> 
     </span>
     <span class='ocr_line' id='line_1_28' title="bbox 84 1708 1351 1766; baseline 0 -19"><span class='ocrx_word' id='word_1_245' title='bbox 84 1719 162 1748; x_wconf 79' lang='lat' dir='ltr'>mat</span> <span class='ocrx_word' id='word_1_246' title='bbox 175 1710 328 1750; x_wconf 86' lang='lat' dir='ltr'>iuvenis</span> <span class='ocrx_word' id='word_1_247' title='bbox 345 1710 406 1750; x_wconf 92' lang='lat' dir='ltr'>ille</span> <span class='ocrx_word' id='word_1_248' title='bbox 420 1709 723 1762; x_wconf 82' lang='lat' dir='ltr'>Aristophaneus</span> <span class='ocrx_word' id='word_1_249' title='bbox 743 1710 842 1748; x_wconf 83' lang='lat' dir='ltr'>inter</span> <span class='ocrx_word' id='word_1_250' title='bbox 862 1709 1102 1755; x_wconf 86' lang='lat' dir='ltr'>vetularum,</span> <span class='ocrx_word' id='word_1_251' title='bbox 1123 1721 1218 1761; x_wconf 79' lang='lat' dir='ltr'>quas</span> <span class='ocrx_word' id='word_1_252' title='bbox 1238 1708 1351 1766; x_wconf 62' lang='lat' dir='ltr'>supra</span> 
     </span>
     <span class='ocr_line' id='line_1_29' title="bbox 84 1763 1351 1819; baseline -0.001 -17"><span class='ocrx_word' id='word_1_253' title='bbox 84 1765 440 1819; x_wconf 27' lang='lat' dir='ltr'>portentaffquaevis</span> <span class='ocrx_word' id='word_1_254' title='bbox 452 1763 714 1810; x_wconf 85' lang='lat' dir='ltr'>aversabatur,</span> <span class='ocrx_word' id='word_1_255' title='bbox 729 1776 864 1802; x_wconf 87' lang='lat' dir='ltr'>manus</span> <span class='ocrx_word' id='word_1_256' title='bbox 877 1776 999 1816; x_wconf 88' lang='lat' dir='ltr'>prope</span> <span class='ocrx_word' id='word_1_257' title='bbox 1013 1763 1184 1814; x_wconf 86' lang='lat' dir='ltr'>direptus</span> <span class='ocrx_word' id='word_1_258' title='bbox 1193 1785 1239 1792; x_wconf 89' lang='lat'><em>—</em></span> <span class='ocrx_word' id='word_1_259' title='bbox 1255 1767 1282 1802; x_wconf 79' lang='grc' dir='ltr'><strong>ὠ</strong></span> <span class='ocrx_word' id='word_1_260' title='bbox 1296 1763 1351 1801; x_wconf 82' lang='grc' dir='ltr'>Ἥ-</span> 
     </span>
     <span class='ocr_line' id='line_1_30' title="bbox 83 1811 1350 1870; baseline 0 -14"><span class='ocrx_word' id='word_1_261' title='bbox 83 1817 251 1868; x_wconf 75' lang='grc' dir='ltr'>ρέικλεις,</span> <span class='ocrx_word' id='word_1_262' title='bbox 264 1818 309 1855; x_wconf 70' lang='grc' dir='ltr'><strong>Ὠ</strong></span> <span class='ocrx_word' id='word_1_263' title='bbox 321 1817 454 1866; x_wconf 68' lang='grc' dir='ltr'>Πᾶνες,</span> <span class='ocrx_word' id='word_1_264' title='bbox 470 1812 496 1857; x_wconf 57' lang='grc' dir='ltr'>ἐξ</span> <span class='ocrx_word' id='word_1_265' title='bbox 513 1817 748 1870; x_wconf 72' lang='grc' dir='ltr'>Κορύβαντες,</span> <span class='ocrx_word' id='word_1_266' title='bbox 766 1811 792 1856; x_wconf 66' lang='grc' dir='ltr'>ἓίἷ</span> <span class='ocrx_word' id='word_1_267' title='bbox 805 1817 1005 1869; x_wconf 74' lang='grc' dir='ltr'>Διοσκόρω,</span> <span class='ocrx_word' id='word_1_268' title='bbox 1021 1817 1164 1856; x_wconf 82' lang='lat' dir='ltr'>Ecclez.</span> <span class='ocrx_word' id='word_1_269' title='bbox 1178 1830 1217 1855; x_wconf 82' lang='lat' dir='ltr'>v.</span> <span class='ocrx_word' id='word_1_270' title='bbox 1238 1817 1350 1856; x_wconf 69' lang='lat'>1061,</span> 
     </span>
     <span class='ocr_line' id='line_1_31' title="bbox 84 1871 1352 1924; baseline 0 -14"><span class='ocrx_word' id='word_1_271' title='bbox 84 1871 206 1911; x_wconf 82' lang='lat' dir='ltr'>Notat</span> <span class='ocrx_word' id='word_1_272' title='bbox 220 1872 271 1911; x_wconf 78' lang='lat' dir='ltr'>ibi</span> <span class='ocrx_word' id='word_1_273' title='bbox 285 1872 428 1911; x_wconf 81' lang='lat' dir='ltr'>Faber:</span> <span class='ocrx_word' id='word_1_274' title='bbox 447 1875 510 1910; x_wconf 87' lang='lat' dir='ltr'>Ex</span> <span class='ocrx_word' id='word_1_275' title='bbox 523 1873 672 1910; x_wconf 74' lang='lat' dir='ltr'>Luciam·</span> <span class='ocrx_word' id='word_1_276' title='bbox 686 1872 819 1910; x_wconf 77' lang='lat' dir='ltr'>Timone</span> <span class='ocrx_word' id='word_1_277' title='bbox 831 1884 972 1924; x_wconf 76' lang='lat' dir='ltr'>apparet</span> <span class='ocrx_word' id='word_1_278' title='bbox 985 1871 1071 1923; x_wconf 84' lang='lat' dir='ltr'>(sed</span> <span class='ocrx_word' id='word_1_279' title='bbox 1081 1872 1115 1910; x_wconf 62' lang='grc' dir='ltr'>δ’</span> <span class='ocrx_word' id='word_1_280' title='bbox 1127 1872 1264 1909; x_wconf 76' lang='lat' dir='ltr'>aliunde</span> <span class='ocrx_word' id='word_1_281' title='bbox 1275 1887 1352 1910; x_wconf 83' lang='lat' dir='ltr'>con—</span> 
     </span>
     <span class='ocr_line' id='line_1_32' title="bbox 78 1925 1354 1980; baseline -0.001 -16"><span class='ocrx_word' id='word_1_282' title='bbox 78 1926 173 1979; x_wconf 70' lang='lat' dir='ltr'>stat).</span> <span class='ocrx_word' id='word_1_283' title='bbox 184 1928 395 1980; x_wconf 74' lang='lat' dir='ltr'>Corybantas</span> <span class='ocrx_word' id='word_1_284' title='bbox 408 1927 503 1965; x_wconf 75' lang='lat' dir='ltr'>bonis</span> <span class='ocrx_word' id='word_1_285' title='bbox 515 1925 550 1964; x_wconf 46' lang='grc' dir='ltr'>ἐξ</span> <span class='ocrx_word' id='word_1_286' title='bbox 560 1925 717 1976; x_wconf 72' lang='lat' dir='ltr'>secundis</span> <span class='ocrx_word' id='word_1_287' title='bbox 732 1926 828 1964; x_wconf 78' lang='lat' dir='ltr'>rebus</span> <span class='ocrx_word' id='word_1_288' title='bbox 838 1925 1029 1977; x_wconf 62' lang='lat' dir='ltr'>praefinisse.</span> <span class='ocrx_word' id='word_1_289' title='bbox 1046 1925 1171 1965; x_wconf 76' lang='lat' dir='ltr'>Nimis</span> <span class='ocrx_word' id='word_1_290' title='bbox 1180 1955 1190 1970; x_wconf 80' lang='grc'><em>,</em></span> <span class='ocrx_word' id='word_1_291' title='bbox 1211 1925 1327 1964; x_wconf 75' lang='lat' dir='ltr'>credo</span> <span class='ocrx_word' id='word_1_292' title='bbox 1343 1956 1354 1972; x_wconf 61' lang='lat' dir='ltr'>a·</span> 
     </span>
     <span class='ocr_line' id='line_1_33' title="bbox 83 1979 1352 2029; baseline -0.002 -10"><span class='ocrx_word' id='word_1_293' title='bbox 83 1979 294 2029; x_wconf 83' lang='lat' dir='ltr'>festinabat,</span> <span class='ocrx_word' id='word_1_294' title='bbox 307 1993 397 2020; x_wconf 86' lang='lat' dir='ltr'>cum</span> <span class='ocrx_word' id='word_1_295' title='bbox 411 1980 477 2019; x_wconf 89' lang='lat' dir='ltr'>ista</span> <span class='ocrx_word' id='word_1_296' title='bbox 491 1979 685 2019; x_wconf 85' lang='lat' dir='ltr'>scriberet:</span> <span class='ocrx_word' id='word_1_297' title='bbox 706 1979 771 2017; x_wconf 78' lang='lat' dir='ltr'>nisi</span> <span class='ocrx_word' id='word_1_298' title='bbox 787 1980 896 2018; x_wconf 79' lang='lat' dir='ltr'>testes</span> <span class='ocrx_word' id='word_1_299' title='bbox 909 1981 1027 2018; x_wconf 60' lang='lat' dir='ltr'>adsint</span> <span class='ocrx_word' id='word_1_300' title='bbox 1045 1980 1242 2025; x_wconf 81' lang='lat' dir='ltr'>certiores,</span> <span class='ocrx_word' id='word_1_301' title='bbox 1257 1979 1352 2018; x_wconf 86' lang='lat' dir='ltr'>nihil</span> 
     </span>
     <span class='ocr_line' id='line_1_34' title="bbox 86 2032 1351 2087; baseline -0.002 -15"><span class='ocrx_word' id='word_1_302' title='bbox 86 2032 210 2086; x_wconf 87' lang='lat' dir='ltr'>ipsum</span> <span class='ocrx_word' id='word_1_303' title='bbox 222 2034 414 2074; x_wconf 84' lang='lat' dir='ltr'>Lucianus</span> <span class='ocrx_word' id='word_1_304' title='bbox 430 2033 601 2082; x_wconf 65' lang='lat' dir='ltr'>iuvabit,</span> <span class='ocrx_word' id='word_1_305' title='bbox 616 2034 721 2087; x_wconf 82' lang='lat' dir='ltr'>apud</span> <span class='ocrx_word' id='word_1_306' title='bbox 734 2046 848 2086; x_wconf 86' lang='lat' dir='ltr'>quem</span> <span class='ocrx_word' id='word_1_307' title='bbox 865 2045 908 2072; x_wconf 89' lang='lat' dir='ltr'>ut</span> <span class='ocrx_word' id='word_1_308' title='bbox 925 2033 1012 2073; x_wconf 72' lang='grc' dir='ltr'>Ζεὺς</span> <span class='ocrx_word' id='word_1_309' title='bbox 1024 2038 1222 2085; x_wconf 58' lang='lat' dir='ltr'>‘sepias-teos·</span> <span class='ocrx_word' id='word_1_310' title='bbox 1233 2033 1351 2071; x_wconf 80' lang='lat' dir='ltr'>invo-</span> 
     </span>
     <span class='ocr_line' id='line_1_35' title="bbox 85 2085 1354 2140; baseline -0.002 -13"><span class='ocrx_word' id='word_1_311' title='bbox 85 2098 208 2135; x_wconf 80' lang='lat' dir='ltr'>catur,</span> <span class='ocrx_word' id='word_1_312' title='bbox 223 2087 274 2129; x_wconf 87' lang='lat' dir='ltr'>fic</span> <span class='ocrx_word' id='word_1_313' title='bbox 292 2089 333 2128; x_wconf 85' lang='lat'>&amp;</span> <span class='ocrx_word' id='word_1_314' title='bbox 347 2087 449 2137; x_wconf 77' lang='grc' dir='ltr'>φίλοι</span> <span class='ocrx_word' id='word_1_315' title='bbox 464 2086 684 2140; x_wconf 70' lang='grc' dir='ltr'>Κορύβαντες</span> <span class='ocrx_word' id='word_1_316' title='bbox 707 2088 743 2126; x_wconf 88' lang='lat' dir='ltr'>in</span> <span class='ocrx_word' id='word_1_317' title='bbox 767 2088 944 2140; x_wconf 80' lang='lat' dir='ltr'>prodigio</span> <span class='ocrx_word' id='word_1_318' title='bbox 961 2099 1038 2126; x_wconf 90' lang='lat' dir='ltr'>tam</span> <span class='ocrx_word' id='word_1_319' title='bbox 1059 2085 1250 2126; x_wconf 73' lang='lat' dir='ltr'>inusitato.</span> <span class='ocrx_word' id='word_1_320' title='bbox 1270 2086 1354 2125; x_wconf 86' lang='lat' dir='ltr'>Cur</span> 
     </span>
     <span class='ocr_line' id='line_1_36' title="bbox 87 2140 1355 2194; baseline -0.001 -14"><span class='ocrx_word' id='word_1_321' title='bbox 87 2142 244 2181; x_wconf 87' lang='lat' dir='ltr'>tertium</span> <span class='ocrx_word' id='word_1_322' title='bbox 266 2142 443 2181; x_wconf 83' lang='lat' dir='ltr'>addiderit</span> <span class='ocrx_word' id='word_1_323' title='bbox 458 2140 579 2193; x_wconf 66' lang='grc' dir='ltr'>Ἑρμῆν</span> <span class='ocrx_word' id='word_1_324' title='bbox 595 2140 766 2193; x_wconf 58' lang='grc' dir='ltr'>Κερέὧον,</span> <span class='ocrx_word' id='word_1_325' title='bbox 781 2141 904 2194; x_wconf 80' lang='lat' dir='ltr'>palam</span> <span class='ocrx_word' id='word_1_326' title='bbox 918 2141 988 2181; x_wconf 84' lang='lat' dir='ltr'>est:</span> <span class='ocrx_word' id='word_1_327' title='bbox 1006 2141 1082 2181; x_wconf 90' lang='lat' dir='ltr'>vid.</span> <span class='ocrx_word' id='word_1_328' title='bbox 1101 2140 1355 2193; x_wconf 74' lang='lat' dir='ltr'>Alciphr.111,</span> 
     </span>
    </p>
   </div>
   <div class='ocr_carea' id='block_1_7' title="bbox 30 2189 1354 2248">
    <p class='ocr_par' dir='ltr' id='par_1_7' title="bbox 30 2189 1354 2248">
     <span class='ocr_line' id='line_1_37' title="bbox 30 2189 1354 2248; baseline -0.004 -12"><span class='ocrx_word' id='word_1_329' title='bbox 30 2198 32 2200; x_wconf 72' lang='grc'>’</span> <span class='ocrx_word' id='word_1_330' title='bbox 87 2194 159 2248; x_wconf 78' lang='grc' dir='ltr'>ΕΡ.</span> <span class='ocrx_word' id='word_1_331' title='bbox 176 2209 243 2244; x_wconf 84' lang='grc'>47,</span> <span class='ocrx_word' id='word_1_332' title='bbox 257 2196 298 2236; x_wconf 87' lang='lat'>&amp;</span> <span class='ocrx_word' id='word_1_333' title='bbox 313 2195 546 2248; x_wconf 83' lang='lat' dir='ltr'>Berglerum.</span> <span class='ocrx_word' id='word_1_334' title='bbox 562 2195 811 2242; x_wconf 84' lang='lat' dir='ltr'>Liban.T.I,</span> <span class='ocrx_word' id='word_1_335' title='bbox 833 2208 868 2247; x_wconf 90' lang='lat' dir='ltr'>p.</span> <span class='ocrx_word' id='word_1_336' title='bbox 891 2196 966 2248; x_wconf 83' lang='lat'>367</span> <span class='ocrx_word' id='word_1_337' title='bbox 988 2195 1040 2234; x_wconf 90' lang='lat' dir='ltr'>D.</span> <span class='ocrx_word' id='word_1_338' title='bbox 1062 2189 1164 2234; x_wconf 57' lang='grc' dir='ltr'>ἦλθον</span> <span class='ocrx_word' id='word_1_339' title='bbox 1186 2194 1238 2233; x_wconf 78' lang='grc' dir='ltr'>εἰς</span> <span class='ocrx_word' id='word_1_340' title='bbox 1263 2196 1354 2232; x_wconf 56' lang='lat' dir='ltr'>Afer</span> 
     </span>
    </p>
   </div>
   <div class='ocr_carea' id='block_1_8' title="bbox 88 2248 1357 2573">
    <p class='ocr_par' dir='ltr' id='par_1_8' title="bbox 88 2248 1356 2399">
     <span class='ocr_line' id='line_1_38' title="bbox 88 2248 1356 2301; baseline -0.001 -15"><span class='ocrx_word' id='word_1_341' title='bbox 88 2250 245 2289; x_wconf 75' lang='grc' dir='ltr'>Κτησίου</span> <span class='ocrx_word' id='word_1_342' title='bbox 261 2250 326 2288; x_wconf 71' lang='grc' dir='ltr'>καὶ</span> <span class='ocrx_word' id='word_1_343' title='bbox 340 2248 467 2300; x_wconf 69' lang='grc' dir='ltr'>Ἑρμοῦ</span> <span class='ocrx_word' id='word_1_344' title='bbox 481 2248 655 2301; x_wconf 60' lang='grc' dir='ltr'>Κερὸὡού9</span> <span class='ocrx_word' id='word_1_345' title='bbox 674 2249 724 2287; x_wconf 86' lang='lat' dir='ltr'>ab</span> <span class='ocrx_word' id='word_1_346' title='bbox 738 2249 793 2288; x_wconf 70' lang='lat' dir='ltr'>his</span> <span class='ocrx_word' id='word_1_347' title='bbox 808 2248 971 2288; x_wconf 78' lang='lat' dir='ltr'>thesauri</span> <span class='ocrx_word' id='word_1_348' title='bbox 984 2249 1247 2288; x_wconf 82' lang='lat' dir='ltr'>inventionem</span> <span class='ocrx_word' id='word_1_349' title='bbox 1264 2260 1356 2286; x_wconf 76' lang='lat' dir='ltr'>ava-</span> 
     </span>
     <span class='ocr_line' id='line_1_39' title="bbox 88 2301 1354 2357; baseline -0.002 -14"><span class='ocrx_word' id='word_1_350' title='bbox 88 2316 156 2343; x_wconf 86' lang='lat' dir='ltr'>rus</span> <span class='ocrx_word' id='word_1_351' title='bbox 166 2304 288 2344; x_wconf 91' lang='lat' dir='ltr'>homo</span> <span class='ocrx_word' id='word_1_352' title='bbox 301 2303 478 2357; x_wconf 85' lang='lat' dir='ltr'>precibus</span> <span class='ocrx_word' id='word_1_353' title='bbox 491 2304 649 2342; x_wconf 87' lang='lat' dir='ltr'>volebat</span> <span class='ocrx_word' id='word_1_354' title='bbox 663 2303 879 2355; x_wconf 84' lang='lat' dir='ltr'>impetrare.</span> <span class='ocrx_word' id='word_1_355' title='bbox 898 2303 961 2341; x_wconf 87' lang='lat' dir='ltr'>De</span> <span class='ocrx_word' id='word_1_356' title='bbox 974 2302 1085 2342; x_wconf 83' lang='lat' dir='ltr'>versu</span> <span class='ocrx_word' id='word_1_357' title='bbox 1103 2302 1294 2355; x_wconf 80' lang='lat' dir='ltr'>Euripidis</span> <span class='ocrx_word' id='word_1_358' title='bbox 1309 2301 1354 2340; x_wconf 81' lang='lat' dir='ltr'>ad</span> 
     </span>
     <span class='ocr_line' id='line_1_40' title="bbox 89 2357 788 2399; baseline -0.001 -2"><span class='ocrx_word' id='word_1_359' title='bbox 89 2358 248 2397; x_wconf 85' lang='lat' dir='ltr'>Luciani</span> <span class='ocrx_word' id='word_1_360' title='bbox 261 2357 417 2399; x_wconf 89' lang='lat' dir='ltr'>Gallum</span> <span class='ocrx_word' id='word_1_361' title='bbox 432 2358 612 2397; x_wconf 81' lang='lat' dir='ltr'>dicemus.</span> <span class='ocrx_word' id='word_1_362' title='bbox 625 2357 788 2396; x_wconf 76' lang='lat' dir='ltr'>HEMST.</span> 
     </span>
    </p>

    <p class='ocr_par' dir='ltr' id='par_1_9' title="bbox 90 2409 1357 2573">
     <span class='ocr_line' id='line_1_41' title="bbox 142 2409 1357 2464; baseline -0.004 -14"><span class='ocrx_word' id='word_1_363' title='bbox 142 2415 216 2451; x_wconf 77' lang='lat' dir='ltr'>ead.</span> <span class='ocrx_word' id='word_1_364' title='bbox 229 2412 252 2450; x_wconf 88' lang='lat' dir='ltr'>l.</span> <span class='ocrx_word' id='word_1_365' title='bbox 267 2426 325 2461; x_wconf 82' lang='lat'>14.</span> <span class='ocrx_word' id='word_1_366' title='bbox 340 2410 501 2464; x_wconf 56' lang='grc' dir='ltr'>Κερὲὧε)</span> <span class='ocrx_word' id='word_1_367' title='bbox 514 2412 724 2456; x_wconf 77' lang='lat' dir='ltr'>Mercurio,</span> <span class='ocrx_word' id='word_1_368' title='bbox 736 2422 779 2450; x_wconf 86' lang='lat' dir='ltr'>ut</span> <span class='ocrx_word' id='word_1_369' title='bbox 792 2409 902 2463; x_wconf 90' lang='lat' dir='ltr'>supra</span> <span class='ocrx_word' id='word_1_370' title='bbox 913 2409 1036 2450; x_wconf 88' lang='lat' dir='ltr'>visum</span> <span class='ocrx_word' id='word_1_371' title='bbox 1049 2409 1101 2450; x_wconf 87' lang='lat' dir='ltr'>est</span> <span class='ocrx_word' id='word_1_372' title='bbox 1112 2409 1157 2449; x_wconf 88' lang='lat' dir='ltr'>ad</span> <span class='ocrx_word' id='word_1_373' title='bbox 1171 2423 1201 2449; x_wconf 90' lang='lat' dir='ltr'>c.</span> <span class='ocrx_word' id='word_1_374' title='bbox 1222 2421 1283 2460; x_wconf 86' lang='lat'>15,</span> <span class='ocrx_word' id='word_1_375' title='bbox 1295 2421 1357 2446; x_wconf 81' lang='lat' dir='ltr'>ac-</span> 
     </span>
     <span class='ocr_line' id='line_1_42' title="bbox 91 2463 1356 2518; baseline -0.004 -13"><span class='ocrx_word' id='word_1_376' title='bbox 91 2476 244 2518; x_wconf 92' lang='lat' dir='ltr'>ceptum</span> <span class='ocrx_word' id='word_1_377' title='bbox 266 2464 500 2511; x_wconf 79' lang='lat' dir='ltr'>referebant,</span> <span class='ocrx_word' id='word_1_378' title='bbox 515 2466 738 2517; x_wconf 85' lang='lat' dir='ltr'>quicunque</span> <span class='ocrx_word' id='word_1_379' title='bbox 762 2465 978 2505; x_wconf 84' lang='lat' dir='ltr'>thesaurum</span> <span class='ocrx_word' id='word_1_380' title='bbox 996 2464 1255 2504; x_wconf 82' lang='lat' dir='ltr'>inveniebant.</span> <span class='ocrx_word' id='word_1_381' title='bbox 1271 2463 1356 2501; x_wconf 80' lang='lat' dir='ltr'>inde</span> 
     </span>
     <span class='ocr_line' id='line_1_43' title="bbox 90 2516 1357 2573; baseline -0.003 -14"><span class='ocrx_word' id='word_1_382' title='bbox 90 2516 234 2573; x_wconf 74' lang='grc' dir='ltr'>ὲρμοιιον</span> <span class='ocrx_word' id='word_1_383' title='bbox 249 2520 367 2560; x_wconf 82' lang='lat' dir='ltr'>toties</span> <span class='ocrx_word' id='word_1_384' title='bbox 375 2519 521 2560; x_wconf 80' lang='lat' dir='ltr'>Nostro</span> <span class='ocrx_word' id='word_1_385' title='bbox 534 2530 804 2570; x_wconf 83' lang='lat' dir='ltr'>memoratum,</span> <span class='ocrx_word' id='word_1_386' title='bbox 817 2521 931 2561; x_wconf 62' lang='grc' dir='ltr'>κοινὸς</span> <span class='ocrx_word' id='word_1_387' title='bbox 946 2517 1085 2572; x_wconf 64' lang='grc' dir='ltr'>Ἑρμῆς,</span> <span class='ocrx_word' id='word_1_388' title='bbox 1101 2519 1141 2558; x_wconf 69' lang='grc'>8(</span> <span class='ocrx_word' id='word_1_389' title='bbox 1154 2518 1180 2557; x_wconf 84' lang='lat' dir='ltr'><strong>fi</strong></span> <span class='ocrx_word' id='word_1_390' title='bbox 1193 2529 1292 2571; x_wconf 62' lang='lat' dir='ltr'>&lt;guae</span> <span class='ocrx_word' id='word_1_391' title='bbox 1304 2528 1357 2556; x_wconf 66' lang='lat' dir='ltr'>ta«</span> 
     </span>
    </p>
   </div>
   <div class='ocr_carea' id='block_1_9' title="bbox 992 2571 1113 2622">
    <p class='ocr_par' dir='ltr' id='par_1_10' title="bbox 992 2571 1113 2622">
     <span class='ocr_line' id='line_1_44' title="bbox 992 2571 1113 2622; baseline -0.008 -9"><span class='ocrx_word' id='word_1_392' title='bbox 992 2571 1113 2622; x_wconf 76' lang='lat' dir='ltr'>Cc4</span> 
     </span>
    </p>
   </div>
  </div>
 </body>
</html>
