1737 3378
307 220 1004 267 INTIMONEM.
1203 237 1294 286 395

32 306 101 360 Ep.
120 306 166 347 ad
178 306 360 348 Antioch.
375 308 414 347 in
431 308 625 348 Athanasii
640 308 758 362 Apol.
776 308 844 349 uxi
855 324 911 349 τοι
927 309 986 348 τὶς
998 307 1207 362 ἀγνοεῖκαιὶ
1222 311 1296 352 τῶν

33 363 108 401 τὰς
126 362 328 414 ἐσχατιᾶς
347 362 546 402 οἰκούντων.
567 363 838 414 Quamobrem
859 364 999 402 merito
1018 364 1209 404 Lucianus
1226 366 1297 405 Ti-

34 415 161 461 moni,
182 428 225 455 ut
237 415 389 474 longius
403 416 451 454 ab
466 416 683 463 hominum,
700 429 799 468 quos
815 417 905 456 odio
920 418 1074 468 capitali
1090 418 1296 470 proseque-

31 468 157 515 batur,
174 471 337 508 occurlu
351 470 504 520 ingrato
518 469 682 516 abeffet,
701 470 898 523 ἐσχατιὰν
913 470 1108 509 colendam
1128 474 1293 511 commi-

33 520 100 570 fit,
119 524 239 574 ὃρεινον
263 523 326 560 καὶ
350 518 519 562 ὑπόλιθον
537 521 683 575 ’γήδιον-
705 535 785 561 non
809 523 944 568 aliter,
970 537 1084 576 quam
1111 525 1295 566 Libanius

35 574 216 624 Δυσκόλῳ
228 574 298 614 suo
309 606 320 622 ‚
342 588 457 628 quem
472 577 594 630 pinxit
608 576 783 616 Declam.
801 576 998 623 XXXVI,
1019 591 1055 631 p.
1066 591 1138 631 793
1155 579 1198 617 B.
1214 593 1290 632 795

32 627 75 669 B.
93 642 169 681 799
183 629 230 670 C.
249 630 414 669 HEMST.

86 684 160 721 ead.
174 683 198 721 l.
219 698 256 732 4.
270 681 483 736 ’Ὑπερβόλῳ
500 682 622 735 τάχει
642 683 660 722 ii
679 683 831 736 Κλέωνι)
848 684 938 724 Hoc
960 684 1037 730 est,
1056 685 1197 736 Pffmo
1219 688 1294 724 cui—

26 736 120 789 piam
140 736 351 789 Atheniensi.
374 736 560 777 Cleonem
582 737 624 776 δε
643 737 917 790 Hyperbolum
934 738 1198 791 Aristophanis
1212 739 1295 778 Co-

31 789 206 829 moetliae
218 789 413 830 infamant.
429 790 568 829 BROD.
587 790 829 843 Aristophan.
849 792 888 830 in
904 791 1010 831 Pace.
1022 792 1195 831 BOURD.
1211 792 1293 831 Ad-

31 843 77 882 de
91 843 349 896 graviffimum
371 844 416 883 de
431 842 639 895 (Ὑπερβόλῳ
660 845 902 896 Thucydidis
922 846 1178 885 testimonium
1192 876 1202 891 ,
1221 848 1291 899 qui

26 898 405 950 μοχθιιρὸνιὶνθρωπον
422 910 560 945 vocat,
579 897 695 947 VIII,
711 913 775 951 73.
794 898 952 938 SOLAN.
972 899 1113 939 Nobile
1133 912 1200 951 par
1221 900 1291 939 ho-

29 951 180 990 miuum
201 950 587 1005 improbiffimorum,
608 965 707 1004 quos
726 952 829 991 vitiis
851 954 1031 1005 vitaeque
1052 954 1291 1005 turpitudine

27 1003 204 1052 infames,
215 1018 340 1059 neque
356 1017 483 1045 tamen
498 1019 547 1044 eo
562 1006 686 1045 minus
699 1006 859 1044 Athenis
872 1019 1008 1058 magna
1023 1008 1212 1059 praeditos
1226 1021 1292 1046 au-

29 1057 206 1100 &oritate
217 1090 230 1106 ‚
248 1060 340 1112 quia
364 1058 485 1098 solent
510 1059 735 1112 plerumque
750 1060 923 1106 Comici,
945 1061 1066 1099 iunxit
1082 1062 1196 1099 etiam
1210 1062 1290 1100 Lu-

26 1113 159 1153 cianus
178 1129 186 1152 :
213 1124 326 1154 caute
351 1114 505 1166 quidem
531 1114 720 1152 neminem
743 1114 856 1152 alium
879 1114 1017 1153 addens
1046 1113 1291 1163 inferiorem3

29 1178 117 1204 nam
133 1166 204 1206 hos
224 1166 410 1219 utrosque
425 1167 463 1205 in
481 1166 773 1205 administranda
787 1180 865 1219 rep.
879 1167 1051 1207 versatos
1064 1168 1290 1220 provec'tior

10 1247 11 1253 1
25 1229 152 1259 aetate
165 1221 294 1260 videre
309 1221 438 1274 potuit
448 1220 604 1260 Timon.
620 1220 746 1260 Cleon
761 1220 956 1260 Cleaeneti
972 1220 1071 1260 filius
1094 1223 1170 1260 iam
1189 1223 1289 1262 vivo

26 1271 186 1320 Pericle,
206 1286 296 1314 cum
311 1276 340 1313 is
352 1274 443 1313 odio
457 1275 603 1313 civium
622 1286 736 1326 atque
750 1275 892 1313 invidia
905 1274 1079 1314 laborare
1091 1275 1286 1328 coepiffet,

25 1327 132 1366 viam
153 1328 197 1367 ad
215 1341 333 1378 remp.
352 1326 559 1367 affectavit.
583 1327 773 1368 Plutarch.
790 1328 872 1367 Per.
897 1342 934 1381 p.
954 1342 1028 1378 170
1040 1328 1092 1367 D.
1108 1328 1288 1377 ἐπεφύετο

25 1379 74 1420 Σὲ
86 1381 150 1419 καὶ
166 1384 282 1421 Κλέων
295 1381 367 1421 iis„
381 1381 449 1421 81&
461 1381 526 1422 τῆς
537 1385 626 1434 πρὸς
639 1382 773 1421 ἐκεῖνον
785 1382 1005 1435 (Periclem)
1021 1382 1130 1435 ὀργῆς
1141 1384 1287 1435 πορευέ..

21 1447 131 1484 μενος
144 1435 206 1475 ἐπὶ
221 1435 288 1476 τὴν
299 1435 501 1488 ὃιιμιιγωγ
511 1437 580 1474 ίαν·
593 1449 641 1475 eo
655 1436 836 1475 defuneto
849 1436 926 1475 fine
940 1436 1202 1476 controversia
1217 1439 1286 1489 ρτίτ

27 1501 107 1529 mas
119 1491 244 1529 tenuit
254 1521 267 1536 ‚
289 1488 332 1528 ὢν
348 1490 412 1528 22:³1
427 1490 463 1528 ἐς
475 1491 527 1527 τὰ
544 1491 647 1528 ἀλλα.
664 1491 881 1534 &aiem-roc
893 1490 963 1529 τῶν
976 1490 1157 1536 πολιτῶν,
1169 1492 1223 1539 τῷ
1240 1506 1286 1530 τε

27 1540 134 1592 θύμῳ
150 1542 407 1600 παραπολὺρν
426 1543 481 1591 τῷ
505 1543 590 1582 τότε
610 1545 881 1589 στιὸιινώτειτος,
901 1544 991 1583 teste
1005 1544 1189 1595 Thucyd.
1209 1544 1285 1593 ΙΙΙ,

28 1597 76 1648 36
86 1626 96 1640 ,
112 1596 187 1643 IV,
201 1612 244 1636 21
254 1629 263 1637 .
280 1597 481 1649 Postquam
495 1597 541 1635 ad
554 1598 806 1651 Amphipolin
820 1596 949 1650 pulsus
965 1611 987 1637 a
1000 1597 1203 1637 fortiffimo
1217 1600 1285 1637 du-

23 1661 69 1688 ce
85 1651 260 1698 Brafida,
276 1653 318 1692 &
335 1652 371 1689 in
388 1650 479 1703 fuga
494 1651 623 1690 caesus
643 1651 833 1691 interiiffet
847 1650 971 1690 Cleon
983 1682 996 1697 ‚
1015 1652 1180 1691 deterior
1193 1653 1284 1703 Hy-

21 1703 205 1757 perbolus
228 1706 360 1758 aliquo
383 1715 558 1758 tempore
581 1707 677 1745 inter
706 1707 940 1758 demagogos
970 1706 1218 1758 praecipuum
1244 1707 1282 1745 in

23 1769 100 1810 rep.
119 1759 250 1798 locum
271 1759 496 1811 occupavit:
516 1759 562 1797 ad
579 1759 772 1813 Aristoph.
790 1759 878 1798 Pac.
893 1773 930 1797 v.
947 1759 1025 1798 680
1038 1759 1284 1815 Sc‘lioliastes:

19 1815 125 1861 μετὰ
142 1815 204 1851 τὸν
219 1813 363 1859 Κλέωνα
388 1812 607 1864 ’Ὑπέρβολος
625 1813 911 1853 ἐπολιτεύσατο·
927 1826 1041 1860 mox,
1061 1814 1164 1852 ουτος
1177 1816 1281 1863 μετὰ.

21 1864 90 1904 τὴν
108 1866 174 1905 τοῦ
186 1867 341 1907 Κλέωνος
359 1866 586 1906 svm-nim
603 1867 683 1919 (ita
704 1867 828 1907 solent
848 1867 1054 1919 aliquando
1070 1868 1282 1920 potentiam

20 1919 115 1959 civis
133 1921 386 1968 eminentem,
408 1921 474 1973 qui
491 1919 669 1960 factionis
690 1921 736 1960 fit
758 1932 893 1974 caput,
916 1933 1078 1960 vocare:
1098 1921 1201 1960 δυοῖν
1225 1918 1282 1960 οὔ·

22 1972 94 2013 α’(ἶῖν
114 1974 146 2013 ἐν
163 1974 213 2024 τῇ
234 1975 344 2013 πόλει
360 1973 608 2023 ὃυναστειῶν,
629 1973 698 2014 τῆς
722 1973 913 2014 &offusis
917 1989 956 2013 ου
970 1975 1033 2013 καὶ
1056 1976 1283 2026 Περικλέους.

19 2025 213 2068 Plutarch.
227 2028 275 2067 T.
289 2028 327 2074 I,
347 2042 383 2080 p.
400 2042 415 2067 1
429 2041 470 2080 55
488 2028 556 2081 A.)
569 2028 771 2081 ὃιεὲέξοιτο
783 2028 851 2068 τὴν
866 2027 1143 2082 δημαγωγίαν·
1158 2028 1283 2069 donec

18 2080 227 2121 Alcibiadis
240 2080 402 2121 confilio
417 2082 562 2122 sociatis
576 2082 823 2129 faffionibus,
841 2094 957 2135 quam
971 2082 1051 2121 aliis
1065 2094 1282 2134 paraverat,

17 2133 97 2186 ipse
109 2136 201 2174 nihil
213 2136 338 2175 minus
351 2147 524 2175 metuens
535 2149 703 2189 poenam
715 2136 877 2181 subiret,
894 2134 1196 2188 testularumque
1210 2135 1281 2175 suf.

18 2187 145 2241 fragiis
162 2203 211 2229 ex
231 2189 326 2229 urbe
347 2190 559 2229 eiiceretur.
574 2190 618 2228 In
642 2190 714 2229 hos
733 2189 919 2240 utrosque
939 2188 1092 2229 Comici
1105 2190 1280 2229 certatim

19 2242 204 2294 impetum
216 2242 390 2283 fecerunt
399 2274 411 2292 ‚
427 2255 471 2282 ut
485 2242 644 2282 ostendit
656 2243 757 2283 testis
771 2243 944 2296 inprimis
957 2241 1031 2281 fide
1045 2242 1181 2295 dignus
1193 2243 1279 2281 Ari-

19 2295 140 2348 stoph.
161 2297 264 2337 Nub.
283 2311 321 2336 v,
340 2311 435 2350 549,
460 2296 543 2349 558.
557 2298 623 2336 ubi
645 2297 734 2337 vide
755 2296 1130 2350 Ez.spanhe1nium:
1153 2309 1280 2348 neque

16 2350 156 2390 mirum
175 2351 251 2398 est,
272 2351 341 2403 qui
367 2350 663 2401 praeclariffimis
683 2351 774 2390 viris
788 2362 1030 2403 nequaquam
1051 2350 1280 2402 parcebant,

14 2403 56 2442 in
70 2416 139 2443 eos
158 2403 231 2443 stili
254 2405 500 2444 acerbitatem
524 2404 754 2453 emroniffe,
775 2405 841 2458 qui
856 2413 916 2443 tot
931 2404 1035 2443 veris
1055 2404 1278 2442 criminibus

19 2460 235 2510 oppugnari
249 2457 409 2511 possent.
425 2455 615 2498 Plutarch.
634 2457 754 2504 T.11‚
776 2473 811 2510 p.
825 2457 902 2498 826
914 2456 966 2496 D.
981 2457 1048 2497 τῗιν
1061 2460 1277 2509 Περικλέους

16 2512 210 2558 πολιτείαν
230 2510 447 2564 ἐπαινοῦμεν
463 2512 530 2552 καὶ
544 2511 612 2554 τὴν
629 2512 788 2554 Βίαντος·
803 2511 973 2566 »ψέγομεν
991 2510 1017 2552 ἒ
1021 2511 1035 2553 ὲ
1055 2509 1119 2552 τὴν
1143 2511 1276 2563 Ὕστερ-
