1737 3378
387 254 506 289 XXII
657 233 761 283 DE
808 231 1157 288 AETATE,
1200 231 1387 276 VITA

386 366 480 395 rum
509 345 635 406 hostes
670 345 850 388 acriores
874 343 982 404 paffi
998 341 1123 401 sunt.
1161 341 1280 386 Nam
1309 356 1402 394 eum
1427 356 1642 402 nunquam

387 407 838 471 Clzrssianumsuff,
865 406 966 450 alibi
997 406 1221 450 docuimus.

452 473 638 519 Restant
648 488 827 517 amores
842 470 1113 526 meretricii,
1129 469 1406 532 (Dialogum
1425 483 1641 514 amorum

388 554 489 584 non
526 536 611 582 effe
645 535 836 581 Luciani
867 533 1197 594 probabimus)
1237 536 1285 578 in
1321 534 1492 593 quibus
1521 533 1642 593 quid

391 601 519 649 aliud
539 601 835 655 describitur,
854 599 934 643 nifi
954 599 1141 657 pessima
1155 597 1196 643 Sc
1209 598 1536 643 sceleratiffima
1549 613 1648 641 me-

391 667 613 714 retricum
647 666 766 719 vita,
799 663 998 708 nefanda
1030 663 1163 718 vitia,
1200 663 1490 722 corruptelae
1513 661 1648 706 iuve-

392 748 535 786 num,
572 729 758 775 avaritia
776 763 788 783 ,
819 729 949 790 gula,
980 726 1142 772 scelera
1172 728 1220 771 in
1241 744 1393 772 unum
1419 722 1649 771 collefia?

393 796 460 843 Ut
483 795 609 839 enim
634 795 682 838 in
709 793 869 837 ceteris
892 791 1096 853 Dialogis
1124 791 1244 836 solus
1269 791 1502 836 Lucianus
1527 790 1652 834 inte-

394 861 512 905 riora
535 860 744 903 virorum
772 856 1003 900 examinat
1019 890 1032 910 ‚
1057 856 1118 899 ita
1137 855 1436 916 quarundam
1459 854 1654 899 femina-

397 940 504 970 rum
522 922 824 967 vaferrimum
845 920 884 964 Sc
895 919 1211 979 praviffimum
1229 920 1473 983 ingenium
1492 919 1656 979 explo-

395 1000 478 1034 rat.
511 989 566 1032 In
588 987 698 1031 haec
717 986 920 1030 facinora
939 1000 1110 1044 quaere
1126 984 1413 1044 supplicium

531 1075 598 1120 Tu
617 1077 712 1137 qui,
735 1075 881 1134 nasute
895 1109 909 1120 ,
924 1073 1093 1137 scripta
1119 1073 1442 1136 dg'stringissua.

445 1174 574 1219 Haec
591 1184 750 1217 autem
765 1172 1031 1216 Bourdelotii
1045 1169 1261 1231 promiffa
1278 1169 1518 1230 probasto,
1532 1170 1658 1214 limo-

404 1257 470 1284 res
485 1253 585 1282 non
605 1235 689 1282 effe
705 1236 895 1282 Luciani
909 1270 921 1291 ,
936 1235 1027 1280 huc
1046 1235 1207 1290 rediit,
1222 1246 1275 1279 ut
1293 1235 1341 1279 in
1359 1234 1479 1279 notis
1494 1233 1554 1278 ad
1572 1235 1663 1278 hu-

405 1305 475 1348 ius
494 1302 612 1346 Dial.
632 1302 822 1346 initium
844 1300 1016 1345 diceret
1035 1318 1043 1343 :
1068 1300 1166 1344 Non
1187 1301 1260 1360 ff
1279 1300 1491 1346 chciani,
1510 1297 1667 1359 ---secl

407 1369 588 1411 alicuius
601 1401 616 1413 ,
662 1368 733 1428 qui
771 1366 1008 1410 Lucianum
1035 1365 1328 1427 supervixerit
1345 1399 1359 1411 ,
1397 1365 1484 1408 iam
1524 1363 1668 1408 monui

399 1431 668 1496 praefatione
686 1431 744 1474 ad
756 1430 968 1474 Lefforem
980 1465 992 1476 ,
1010 1430 1178 1474 videtur
1197 1429 1269 1490 effi
1292 1429 1556 1489 Arg'staeneti.
1588 1427 1668 1471 In-

407 1497 546 1540 terim
565 1493 606 1538 &
625 1495 738 1538 mihi
759 1510 908 1553 aeque
929 1509 977 1537 ac
1000 1493 1191 1537 Kustcro
1207 1528 1218 1548 a
1242 1508 1342 1537 non
1362 1492 1549 1537 videtur
1567 1490 1666 1536 Lu-

409 1559 526 1605 ciani
551 1556 636 1603 effe
651 1592 663 1614 ,
684 1569 779 1602 tam
806 1573 864 1602 ex
887 1553 1096 1602 affcc‘tato
1116 1555 1333 1601 &inflato
1358 1557 1481 1613 stilo,
1521 1573 1667 1616 quam

410 1639 468 1667 ex
488 1622 779 1684 longioribus
799 1621 1148 1684 digreffionibus
1163 1633 1269 1666 ante
1290 1638 1433 1680 quam
1450 1620 1510 1666 ad
1525 1619 1670 1681 ipsam

409 1687 774 1746 disputationem
793 1687 1002 1730 veniatur
1016 1719 1029 1740 ‚
1048 1696 1128 1729 aut
1144 1686 1383 1730 redeatur:
1405 1702 1515 1730 nam
1530 1687 1561 1729 fi
1577 1685 1670 1730 Lu-

409 1752 543 1796 ciano
576 1750 852 1795 tribuendus
888 1750 941 1794 fit
958 1785 970 1805 ,
1010 1750 1239 1794 coniicere
1273 1751 1383 1795 licet
1396 1785 1409 1804 ‚
1442 1750 1668 1810 scriptum

412 1814 527 1871 effe,
563 1826 616 1859 ut
645 1814 931 1874 Philosophis
963 1816 1218 1870 παιδεραστίοε
1244 1816 1582 1875 exprobretur,
1617 1824 1675 1859 ut

412 1879 507 1925 vid.
550 1881 575 1940 ξ)
609 1895 632 1938 3
643 1896 665 1936 5
702 1879 796 1924 eius
831 1878 955 1924 Dial.
988 1878 1069 1923 ubi
1106 1878 1344 1924 manifesto
1371 1879 1542 1941 pungit
1574 1877 1673 1923 eos-

416 1943 526 1990 dem
541 1977 553 1999 ‚
575 1944 730 1988 dicens
745 1979 756 1999 ,
774 1960 883 1988 cum
906 1944 1060 1988 divina
1077 1943 1371 2003 philosophia
1388 1942 1514 1990 hunc
1532 1943 1672 1988 etiam

414 2024 627 2054 amorem
647 2007 903 2052 adolevisse.
919 2008 981 2052 At
997 2024 1094 2053 non
1111 2007 1224 2052 mihi
1245 2007 1452 2054 satisfacit
1470 2009 1549 2053 illa
1562 2023 1676 2053 con-

416 2070 587 2117 ieftrira
601 2107 615 2128 ‚
641 2071 682 2116 Sc
700 2073 914 2133 pessimus
933 2073 1006 2116 hic
1026 2073 1339 2132 exprobrandi
1359 2073 1421 2118 est
1441 2089 1570 2129 moS‚
1591 2071 1675 2132 qui

417 2153 502 2181 nec
523 2136 620 2181 satis
638 2138 696 2181 ab
713 2134 899 2182 auc‘tore
920 2137 1097 2182 ridetur
1114 2171 1128 2193 ‚
1147 2153 1234 2182 nec
1253 2137 1454 2184 ridendo
1472 2137 1676 2194 sanatur,

418 2202 496 2246 sed
517 2202 867 2247 abominatione
888 2202 1068 2260 dignus.

487 2266 542 2310 G.
561 2267 595 2310 1.
618 2266 842 2311 Vossms
869 2252 1063 2311 dekffist.
1085 2267 1243 2312 Graec.
1271 2266 1323 2311 L.
1348 2281 1391 2322 Q,
1412 2282 1450 2312 c.
1477 2280 1550 2323 15,
1580 2265 1677 2311 Lu-

418 2331 609 2375 cianum
631 2330 991 2376 samosatensem
1023 2333 1269 2391 aequalem
1300 2331 1408 2376 facit
1432 2330 1678 2376 Athenaeo

421 2395 715 2440 Naucratitae
728 2431 740 2451 ,
768 2396 851 2455 qui
870 2395 955 2441 sub
973 2396 1037 2440 M.
1055 2396 1245 2441 Aurelio
1264 2396 1431 2440 vixerit
1444 2430 1456 2451 ,
1481 2395 1559 2440 sed
1577 2395 1677 2456 post

423 2459 750 2505 Commodum
775 2461 913 2505 etiam
932 2495 944 2516 ,
977 2461 1126 2506 immo
1146 2461 1295 2521 usque
1313 2461 1371 2506 ad
1389 2461 1677 2505 Pertinacem

425 2521 466 2568 8c
478 2523 705 2572 Severum
720 2525 864 2572 vitam
878 2526 1145 2587 protaxerit.
1166 2525 1325 2588 [quod
1343 2541 1443 2571 non
1457 2524 1575 2572 adeo
1590 2525 1679 2570 mi-
