1737 3378
417 237 506 301 3&
614 230 1484 287 ANNoffATIONEs

417 324 632 364 mutatione
653 336 732 363 non
756 324 807 363 ita
830 336 993 377 magna,
1016 324 1128 363 καλοὶ
1140 325 1242 364 ’ὀντες
1260 324 1435 378 ὁραθῆναι·
1457 337 1557 379 quae
1574 322 1690 367 alita-⁴

416 377 551 417 tiffima
572 377 626 417 est
645 377 828 430 loquendi
852 377 1031 417 formula.
1054 380 1175 417 Καλὸς
1197 378 1290 418 istiu
1318 379 1485 432 Euripid.
1511 379 1624 419 Rhes.
1645 394 1688 420 v.

421 432 510 486 380.
535 429 745 470 κάλλιστος
762 430 900 480 ὀφθῆναι
919 431 1082 471 Cornut.
1104 432 1150 470 de
1163 432 1211 470 N.
1234 431 1285 471 D.
1301 445 1332 472 c.
1359 447 1406 485 32
1420 463 1432 478 ,
1451 447 1487 485 p.
1509 445 1596 483 225.
1613 432 1691 472 Eu-

414 499 503 538 nap.
516 485 627 524 Prisc.
647 499 682 538 p.
702 499 716 523 1
730 498 795 533 14,
812 499 851 524 v.
877 498 936 537 15.
954 481 1143 535 εὗπρεπῗις
1159 484 1203 524 ὢν
1219 485 1313 524 ι’ἒεῖν
1334 485 1512 525 Aeschin.
1530 487 1568 524 in
1580 486 1688 526 Tim.

414 553 452 592 p.
475 554 521 578 22
538 568 549 586 ‚
574 553 612 578 v.
635 553 696 590 25.
727 537 772 577 In
795 538 963 578 Platonis
987 538 1210 578 Parmenide
1235 553 1270 592 p.
1298 552 1399 578 1110
1423 539 1466 579 B.
1494 539 1690 579 Parmeni-

415 593 480 633 des
500 591 575 645 ipse
594 596 711 631 καλὶς
725 593 789 631 καὶ
815 592 959 645 ἀγαθὶς
976 591 1041 631 τήν
1054 591 1157 640 ὄψιν,
1171 593 1277 632 Zeno
1300 602 1429 631 autern
1445 588 1603 643 εὐμήκης
1616 592 1686 632 καὶ

413 650 572 700 χαρίεις
597 645 700 685 isefv·
723 645 817 685 sicut
842 647 881 684 in
907 646 1068 684 Luciani
1086 645 1213 684 Prom.
1242 647 1279 685 in
1303 646 1410 685 verb.
1439 646 1454 695 §
1511 677 1523 694 ,
1541 644 1690 698 ὀφθῆναι

415 700 618 754 χαρίεντα·
634 710 773 739 contra
788 698 998 752 αἴσχιστος
1012 696 1162 749 ὀφθῆναι
1179 699 1243 739 τὴν
1257 698 1347 750 ’ὄψιν
1361 700 1406 739 de
1419 661 1513 738 Hui.
1539 697 1689 740 conscr.

421 755 438 804 §
459 769 493 807 9.
516 753 659 793 Rarius
678 753 768 792 illud
793 752 990 792 Aeschinis
1012 754 1050 791 in
1070 752 1172 791 Tim.
1191 767 1226 806 p.
1242 767 1282 802 7,
1300 767 1339 793 v.
1366 769 1438 806 34,
1462 753 1532 793 εἰσὶ
1550 752 1688 804 φύσεις·

415 809 611 861 ἀνθρώπων
634 806 733 845 πολὺ
761 805 1013 858 διαφέρουσαι
1041 804 1194 854 ὀφθῆναι
1219 804 1396 847 ἀλλήλων
1424 808 1477 845 τὰ,
1510 807 1592 858 ’περὶ
1616 806 1687 848 τὴν

414 859 579 901 ἡλικίαν·
603 873 685 913 quo
711 860 801 899 loco
827 859 854 898 st
877 860 965 912 quis
986 860 1183 911 vulgatam
1208 860 1364 899 Luciani
1389 859 1593 900 lectionem
1615 861 1690 900 de-

414 915 570 954 fendere
594 925 779 962 conetur,
804 914 833 952 is
846 944 857 961 ‚
883 926 971 952 meo
991 914 1147 966 quidem
1168 914 1308 953 iudicio
1321 943 1332 960 ,
1350 914 1512 953 multum
1533 914 1688 954 errabit.

415 967 602 1021 Ὅραὸιῖναι
622 979 749 1007 autem
764 979 812 1006 ne
824 965 907 1006 sede
927 966 992 1006 sua
1008 967 1246 1015 deturbetur,
1261 968 1474 1007 intercedo:
1489 980 1539 1007 eo
1552 969 1688 1021 magis,

417 1023 526 1074 quod
545 1020 773 1061 ἀκουσὲιῆναι
789 1020 1035 1060 εοηίεᾶυτεε
1058 1020 1144 1060 sane
1165 1033 1302 1073 parurn
1328 1020 1453 1068 felici,
1473 1033 1553 1061 non
1570 1032 1689 1062 vetu-

414 1077 473 1115 sto
491 1075 627 1115 Codici
642 1075 835 1114 debeatur.
854 1074 950 1114 Sunt
963 1075 1166 1114 enimvero
1189 1079 1217 1112 A
1241 1073 1281 1113 &
1295 1079 1327 1112 Τ
1347 1073 1470 1128 specie
1488 1075 1535 1114 ad
1549 1075 1687 1115 viden-

417 1130 507 1169 dum
525 1130 704 1183 pulchra,
720 1129 748 1168 si
763 1129 808 1167 ad
824 1128 972 1168 literam
984 1132 1012 1166 T
1026 1138 1312 1180 comparentur,
1332 1141 1433 1182 quae
1449 1140 1604 1169 crucem
1626 1142 1689 1170 re-

415 1183 527 1223 ferat:
547 1195 631 1222 turn
657 1183 941 1230 animadverte,
960 1195 1075 1235 quam
1099 1182 1189 1221 illud
1204 1182 1360 1222 auribus
1379 1182 1571 1235 ingratum
1589 1183 1687 1223 acci-

414 1238 480 1277 dat
494 1267 504 1283 ,
527 1234 746 1277 καθίικοντες
770 1234 1025 1282 ‹know-Nym,
1051 1232 1116 1275 οὐκ,
1140 1234 1185 1274 ἂν
1207 1233 1369 1275 §meduan
1386 1237 1506 1286 μόνον.
1521 1237 1687 1277 HEMST.

471 1292 551 1330 ibid.
574 1289 839 1343 Ἀκουσὲιῆναι)
865 1290 923 1330 Ex
944 1288 1042 1330 Cod.
1066 1290 1108 1329 L.
1138 1289 1231 1330 haec
1253 1288 1437 1343 scriptura
1459 1289 1524 1330 est.
1549 1291 1687 1345 reliqui

412 1345 502 1384 libri
521 1343 694 1396 ὁραθῆναι.
722 1343 879 1383 Sorax.
1736 1387 1737 1390 Ἴ

474 1400 564 1450 Pag.
586 1398 649 1450 65.
671 1399 692 1436 l.
718 1412 753 1436 2.
771 1397 1009 1450 Ἀπελᾶσαι)
1031 1397 1172 1436 Melius
1188 1409 1403 1449 congruere
1419 1397 1623 1438 ἀπελάσαν
1643 1398 1685 1438 &
1736 1397 1737 1402 ¹

417 1452 605 1503 ἐκὲιεὲιξαν
626 1464 763 1499 nemo,
777 1452 843 1503 qui
865 1452 912 1489 ad
931 1463 1072 1490 nexum
1092 1451 1282 1490 orationis
1304 1452 1525 1500 attenderit,
1547 1452 1686 1492 diffite-

417 1506 539 1545 bitur:
571 1505 647 1544 hoc
670 1504 757 1544 satis
782 1505 965 1558 liquidum
978 1519 989 1553 3
1011 1504 1071 1544 sed
1089 1504 1316 1554 βιασάμενον
1338 1505 1510 1558 legatur,
1529 1517 1578 1545 an
1599 1506 1687 1552 βιαε

419 1560 602 1610 σαμένων,
630 1571 710 1598 non
732 1559 894 1598 multum
918 1558 1078 1598 interest.
1108 1559 1274 1597 HEMs‘r.

471 1615 544 1652 ead.
564 1613 588 1652 l.
616 1627 650 1665 3.
673 1612 914 1666 Συνὸέσμων)
939 1612 1040 1665 Quo
1063 1611 1291 1665 respexerit,
1318 1611 1412 1651 mihi
1435 1625 1514 1652 non
1539 1612 1684 1666 liquetz

417 1679 544 1720 neque
567 1668 668 1706 enim
691 1667 729 1705 in
744 1667 876 1719 lingua
892 1667 1045 1720 vulgari
1068 1666 1279 1720 quidquam
1302 1665 1380 1714 est,
1400 1667 1508 1720 quod
1530 1666 1607 1708 huc
1629 1667 1689 1713 fa-‚

417 1722 503 1762 ciat.
527 1719 728 1760 Diale&os
752 1733 832 1760 non
854 1734 1001 1760 moror.
1031 1720 1190 1762 SOLAN.

471 1779 546 1814 ead.
562 1777 586 1814 l.
602 1791 639 1824 4.
655 1774 859 1828 ’'En-romu)
882 1774 968 1816 ΜΠ.
992 1773 1195 1824 &norm-tou,
1216 1772 1294 1815 {lm
1318 1774 1439 1821 βίαιον
1463 1773 1528 1814 καὶ
1552 1774 1690 1829 &obtin-2

416 1843 494 1869 τον.
521 1830 694 1869 Bonan.

471 1886 544 1922 ead.
563 1885 586 1922 l.
613 1897 645 1936 5.
666 1882 837 1936 Κυβέλῳ)
856 1881 962 1922 Dico
983 1882 1030 1921 ad
1051 1880 1205 1922 Pausan.
1234 1881 1404 1922 Bomm.
1427 1881 1686 1925 Bourdelotio

415 1936 585 1977 solemne
610 1936 683 1985 est,
707 1949 868 1982 eorum,
891 1949 990 1989 quae
1017 1936 1143 1976 nullus
1170 1936 1367 1989 intelligit,
1391 1936 1687 1990 explicationem

416 1990 458 2029 in
483 1991 582 2030 aliud
600 2000 753 2044 tempus
773 1990 1008 2044 promittere.
1033 1991 1216 2043 Equidem
1234 1991 1280 2029 de
1298 1989 1458 2042 Cybelo
1472 1991 1686 2031 Athenien-

416 2043 513 2084 sium
535 2044 690 2084 colonia
703 2075 714 2090 ‚
729 2044 768 2083 δι
784 2043 1015 2095 Lysimacho
1027 2044 1192 2084 Comico
1207 2043 1298 2083 nihil
1315 2044 1438 2083 habeo
1453 2044 1688 2098 quidquam,

413 2098 522 2151 quod
546 2099 585 2137 in
613 2099 778 2138 medium
804 2097 982 2144 afferam,
1010 2099 1114 2138 certi.
1140 2098 1339 2137 Berkelius
1364 2098 1412 2137 ad
1439 2097 1617 2151 Stephan.
1642 2100 1684 2140 in

415 2153 600 2197 Κυβέλεια
621 2153 714 2191 illud
736 2152 925 2205 oppidum
950 2151 1024 2192 effe
1045 2150 1190 2198 censet,
1203 2152 1309 2204 quod
1331 2164 1470 2205 genere
1491 2151 1684 2193 feminino

415 2207 562 2245 dicatur
586 2219 606 2245 a
628 2206 822 2258 Stephano
846 2204 1020 2251 Κὺβελλα
1033 2237 1044 2254 ,
1065 2207 1240 2259 idemque
1255 2202 1431 2245 Cuballum
1451 2205 1572 2252 Livii,
1587 2205 1684 2247 Gal·

414 2259 628 2313 lograeciae
650 2259 866 2307 castellum,
893 2260 1134 2309 XXXVIII,
1157 2259 1217 2298 18.
1239 2260 1314 2300 hoc
1336 2258 1522 2313 posterius
1545 2260 1597 2300 ob
1621 2273 1684 2300 ra·

415 2315 540 2353 tiones
560 2314 717 2359 multas,
739 2327 836 2366 quas
850 2327 1031 2366 promere
1055 2314 1213 2366 longum
1235 2312 1358 2362 foret,
1379 2313 1581 2366 probabile
1598 2327 1682 2355 non

414 2368 577 2407 viderur.
603 2368 668 2407 De
689 2368 869 2420 Stephani
891 2368 983 2408 loco
1005 2367 1112 2407 aliter
1139 2366 1247 2407 sentit
1270 2367 1312 2406 L.
1326 2366 1570 2416 Holstenius‚
1594 2369 1682 2407 exi-

415 2420 569 2461 stimans
589 2421 663 2461 effe
684 2421 920 2461 scribendum
934 2453 945 2470 ,
967 2420 1050 2460 ἔστι
1076 2421 1137 2460 καὶ
1164 2420 1310 2466 Κύβελα
1334 2422 1515 2474 Φρυγίας·
1538 2421 1680 2462 scilicet

414 2477 502 2526 ὅρος.
526 2474 672 2520 Κύβελα
685 2475 770 2515 sane
790 2475 967 2515 notiflimi
980 2475 1174 2527 Phrygiae
1195 2486 1367 2522 montes,
1380 2476 1590 2529 praecipue
1602 2488 1684 2515 ma·

412 2530 480 2570 tris
501 2528 631 2570 Deum
655 2529 837 2584 religione
852 2529 892 2570 &
907 2529 1030 2569 sacris.
1054 2527 1222 2582 Hesych.
1240 2527 1390 2578 Κύβελα
1403 2559 1417 2576 ,
1433 2528 1492 2582 ’ὄρη
1509 2529 1682 2584 Φρυγίας
