1737 3378
402 244 499 306 3ss
605 234 1483 286 ANNoTATIONEs

1734 296 1737 311 »

400 329 488 366 dem
509 323 616 365 sensu
631 354 643 373 ‚
669 325 834 365 multum
857 337 1024 371 vereor,
1044 336 1090 364 ut
1109 337 1182 379 pro
1201 325 1366 366 Barlaeo
1384 326 1582 381 quisquam
1597 328 1683 371 ido:
1730 327 1737 352 ³

399 381 484 420 neis
505 379 692 433 exemplis
713 378 942 426 confirmem
964 392 1051 418 nam
1082 378 1110 418 si
1138 378 1309 432 proferat
1335 379 1411 419 τῶν
1436 382 1604 423 κολάκων
1627 387 1681 423 τὶι
1732 412 1737 431 τ

399 434 535 486 πρῶτοι
548 465 560 481 ,
583 435 637 472 τὰ
653 435 752 486 diepa
765 428 839 472 τῶν
854 431 1031 472 Ἑλλήνων
1051 433 1093 471 &
1109 432 1243 472 similia
1256 464 1270 479 ,
1292 433 1338 473 de
1357 434 1496 487 quibus
1517 436 1605 475 alibi
1617 449 1685 476 ex-

400 501 562 540 ponam,
574 499 732 540 operam
748 488 912 526 omnino
927 486 1044 525 ludat.
1061 486 1241 526 Errorem
1260 487 1372 540 plane
1387 489 1599 540 geminum,
1612 491 1683 544 qui

400 541 529 581 fuerat
543 540 766 581 commiffus
781 541 827 580 acl
841 540 986 581 Sallust.
1001 541 1043 580 B.
1060 540 1107 580 C.
1131 553 1163 580 c.
1187 553 1232 592 52
1246 571 1256 588 ‚
1280 542 1348 580 ubi
1368 541 1486 594 efficta
1500 556 1679 596 parentum

397 609 474 649 pro
492 597 690 647 parentibus
712 594 837 648 effbetis
857 594 1035 634 nonnulli
1056 595 1282 648 capiebant,
1303 595 1499 648 castigavit
1517 597 1680 638 acutiffi-

399 663 489 689 mus
514 651 669 689 Latinae
687 649 930 702 proprietatis
951 649 1066 688 iudex
1082 648 1112 688 I.
1133 648 1195 687 Fr.
1221 648 1450 689 Gronovius
1469 649 1564 690 Obs.
1584 651 1623 700 Ι,
1645 665 1680 692 c.

1734 363 1737 408 ι

1714 434 1737 483 i

1732 489 1737 563 l

1728 572 1737 649 l

401 718 425 743 2
438 734 451 750 ‚
476 719 511 757 p.
536 719 579 743 21
595 733 604 749 ,
630 718 691 742 22.
711 703 814 741 Nihil
831 703 905 742 huc
924 701 1068 741 faciunt
1078 704 1189 756 strata
1210 704 1369 749 viarum,
1389 704 1430 742 δε
1453 717 1552 757 quae
1568 705 1679 757 plura
1734 717 1737 751 f

398 770 551 811 praeter
566 758 660 796 alios
677 757 834 809 collegit
849 757 894 795 de
913 755 949 795 la
963 755 1089 795 Cerda
1107 755 1153 795 ad
1167 756 1304 808 virgil.
1320 757 1421 796 Aen.
1437 756 1472 806 1,
1495 759 1586 806 426.
1597 760 1682 799 Ve-
1734 768 1737 788 ὲ

398 825 486 851 rum
505 811 572 857 est,
591 812 695 850 hunc
711 809 922 850 stri1&urae
942 822 1090 848 morem
1103 839 1114 855 ,
1136 820 1178 848 ut
1191 810 1388 850 adiefflvis
1408 809 1598 852 secundos
1613 814 1679 852 ad-

398 866 561 919 iungant
576 864 907 904 substantivorum
928 862 1058 910 casus,
1083 863 1242 903 libenter
1270 863 1455 917 usurpare
1478 865 1678 916 Graecos,
1735 885 1737 912 2

398 920 514 972 idque
535 932 617 958 tum
635 917 898 971 potissimum,
919 930 1010 957 cum
1034 929 1094 956 res
1112 917 1241 977 aliqua
1263 918 1386 970 potest
1411 919 1450 957 in
1470 920 1599 959 varias
1620 920 1679 960 se-
1733 954 1737 961 .

397 974 524 1027 parari
549 973 712 1026 species,
734 984 777 1011 ut
801 971 831 1010 οἱ
854 970 1060 1011 σπουὲαῖοι
1079 986 1150 1010 των
1175 971 1328 1024 γονέων,
1348 971 1378 1010 οἱ
1395 974 1675 1025 μεγαλοφυεΐς,
1723 977 1737 1027 Ἰ

399 1027 430 1066 ci
445 1026 684 1078 πολύπειροι,
703 1025 734 1064 οἱ
753 1025 911 1078 ἀρχαῖοι
931 1024 1006 1064 τῶν
1029 1023 1238 1089 ἀνθρώτιῑων,
1259 1023 1510 1086 οξήπρακῖικοὶ
1524 1026 1596 1067 τῶν
1613 1031 1679 1067 λό-
1736 1045 1737 1082 j

397 1097 495 1135 γων,
509 1083 564 1119 τὲι
575 1081 750 1130 ὃημὸσιά
763 1095 836 1119 των
849 1079 1116 1131 πραγμάτων,
1131 1093 1172 1117 αι
1189 1093 1369 1117 τοισιν-ται
1383 1094 1455 1119 των
1467 1080 1678 1132 ἀκροάσεων

401 1136 504 1187 apud
525 1134 710 1174 Nostrum
730 1135 768 1172 in
787 1138 854 1184 Πς.
875 1129 907 1173 εἷ
922 1134 956 1171 ἐν
972 1144 1007 1170 λ.
1026 1134 1041 1182 §
1063 1147 1096 1171 2.
1120 1133 1229 1172 cuius
1247 1133 1420 1186 generis,
1442 1133 1470 1172 si
1493 1147 1678 1187 quaeras,

397 1191 512 1243 plura
533 1190 697 1229 contulit
717 1188 746 1227 Ι.
766 1186 860 1227 Iens.
885 1187 930 1226 ad
951 1187 1126 1239 Tragop.
1151 1201 1190 1225 v.
1212 1200 1260 1239 9,
1278 1186 1460 1240 illamque
1486 1187 1679 1238 formam,

398 1257 517 1296 quam
533 1244 636 1282 nulla
658 1255 739 1282 non
758 1243 890 1294 lingua
905 1240 1014 1280 facile
1031 1242 1127 1280 ferat
1140 1272 1151 1289 ‚
1171 1241 1329 1280 Latinos
1343 1243 1457 1281 etiam
1473 1241 1580 1282 fuiffe
1591 1243 1679 1283 imi-

398 1308 526 1343 tatos,
542 1310 619 1350 qua
637 1297 682 1335 de
702 1309 743 1335 re
758 1307 895 1335 notant
915 1294 1067 1335 Salmas.
1091 1295 1139 1334 ad
1159 1294 1387 1334 Tertullian.
1413 1295 1506 1335 Pali.
1522 1311 1557 1350 p.
1581 1311 1624 1350 31
1637 1312 1674 1347 1,

399 1351 700 1391 Drakenborch.
719 1351 765 1389 ad
784 1351 850 1390 Sil.
874 1350 991 1389 Italic.
1019 1349 1058 1396 I,
1086 1349 1171 1402 564.
1190 1348 1252 1388 sed
1270 1348 1427 1389 ostende
1444 1351 1508 1389 vel
1526 1364 1648 1391 unum
1662 1382 1678 1402 ,
1736 1403 1737 1407 Ἰ

399 1407 469 1458 qui
485 1418 624 1458 genere
640 1414 793 1443 mutato
811 1403 998 1456 scripserit
1010 1405 1063 1441 τὰ
1081 1402 1282 1442 omissa&
1293 1402 1368 1443 τῶν
1380 1404 1529 1457 γονέων,
1544 1407 1598 1444 τέι
1614 1405 1679 1459 ἀρα,

398 1460 510 1511 χαῖα
530 1458 602 1498 τῶν
622 1458 828 1510 ἀνθρώπιον.
842 1457 1138 1511 Aliquantulum
1155 1455 1355 1509 discrepat,
1375 1458 1532 1511 quando
1544 1457 1677 1513 fingu-

397 1514 467 1552 lari
484 1526 651 1553 numero
670 1511 936 1564 frequentant:
956 1514 1018 1550 τον
1031 1511 1214 1551 πλεῖστον
1232 1510 1298 1551 τοῦ
1312 1511 1389 1556 βίου
1404 1511 1564 1553 ἐντεῦθεν
1575 1513 1676 1553 ἐποι-

399 1568 518 1613 οὼιτο,
534 1567 716 1619 Thucyd.
734 1566 769 1613 I,
796 1580 834 1618 5;
852 1570 915 1606 τον
931 1568 1074 1604 πολλον
1090 1562 1155 1604 τοῦ
1169 1566 1307 1618 χρόνον
1321 1565 1578 1618 ἒιάτρίβοντοι,
1594 1568 1678 1608 He·

397 1623 528 1661 rodot.
543 1621 582 1668 Ι,
604 1635 674 1670 243
695 1623 758 1660 τον
773 1617 912 1670 iimo-vv
927 1618 996 1659 τοῦ
1009 1619 1161 1674 χρόνου,
1183 1618 1385 1659 Demosth.
1403 1620 1443 1659 in
1464 1621 1616 1674 Leptin.
1636 1637 1675 1676 p.

403 1690 475 1729 542
493 1677 535 1716 B.
553 1675 699 1715 πολλὴν
712 1674 935 1721 τῆςἈσ-ίάς,
954 1674 1148 1713 Plutarch.
1160 1673 1209 1713 T.
1225 1672 1278 1721 11,
1297 1687 1334 1727 p.
1349 1687 1393 1713 21
1405 1689 1419 1713 1
1439 1675 1490 1715 A.
1505 1687 1677 1729 quomo-

397 1731 450 1770 do
465 1730 575 1784 saepe
593 1728 740 1770 πολλὴν
758 1727 823 1769 τῆς
836 1727 924 1783 γῆς,
939 1727 1008 1768 τῆς
1023 1727 1119 1781 ἱεροῖς
1133 1742 1168 1781 χ
1174 1727 1270 1781 (ὅροις
1285 1727 1387 1782 apud
1399 1728 1674 1782 Thucydidem

398 1786 441 1825 δι
465 1784 688 1824 Diodorum
705 1783 877 1823 Siculum
890 1815 902 1832 ‚
920 1782 1066 1822 πολλὴν
1085 1780 1154 1822 τῆς
1175 1780 1370 1835 στρατιᾶς
1388 1783 1589 1824 ἀπολέσας
1607 1783 1675 1825 Io·

394 1839 499 1892 seph.
514 1840 564 1878 A.
577 1840 606 1879 I.
624 1838 701 1885 XI,
718 1851 750 1877 c.
772 1837 817 1884 8,
837 1837 853 1887 §
878 1852 912 1889 3.
928 1838 986 1876 Ex
1005 1837 1063 1876 his
1078 1837 1390 1878 autemnecdum
1411 1837 1504 1877 mihi
1519 1837 1606 1878 satis
1618 1838 1675 1879 est

396 1904 573 1947 apertum
586 1925 596 1942 ‚
617 1906 665 1932 an
687 1892 845 1945 vulgata
868 1891 1012 1932 Zosimi
1029 1890 1146 1931 leffio
1161 1890 1201 1938 Ι,
1222 1903 1310 1943 pag.
1333 1905 1372 1941 7,
1388 1891 1544 1945 Τιβέριος
1559 1915 1604 1923 -
1621 1893 1676 1932 εἰς·

394 1948 580 2001 ἐσχάτην
605 1945 799 1998 ὠμότητος
825 1945 1039 1997 ἑκτράπεὶς,
1065 1944 1247 1984 adversus
1270 1945 1505 1998 Stephanum
1523 1945 1675 1987 defendi

394 2001 510 2054 possit
530 2000 757 2040 scribentem
779 1999 955 2050 ἔσχατον
972 1997 1165 2049 ὠμότητος
1182 1998 1247 2038 vel
1267 1999 1448 2050 ἐσχάτην
1475 1998 1673 2050 ὠμότητα.

392 2055 540 2101 Porro,
564 2054 591 2093 si
615 2055 739 2094 dicere
761 2053 873 2099 licet,
893 2053 1000 2106 quod
1022 2052 1170 2099 sentio,
1192 2065 1272 2092 non
1291 2053 1402 2093 nimis
1424 2054 1579 2094 videtur
1599 2055 1672 2094 im-

394 2110 489 2149 mite
502 2109 614 2148 Fabri
627 2108 766 2148 diRum
787 2107 833 2146 ad
850 2105 951 2147 solos
966 2107 1168 2160 relegantis
1183 2106 1368 2147 barbaros
1387 2105 1564 2148 τοσαῦται
1586 2107 1672 2148 τιό-

392 2177 519 2202 τατοι·
537 2164 613 2203 huc
629 2163 785 2201 minime
799 2161 984 2214 quadrat,
1004 2161 1110 2214 quod
1125 2161 1254 2201 Fabro
1271 2161 1417 2203 dofflsl'.
1433 2161 1577 2202 lensius
1595 2175 1669 2218 op«

390 2216 519 2271 posuit
530 2249 542 2265 ,
562 2218 616 2255 τέι
633 2215 785 2270 ἀρχαῖά
798 2214 895 2266 μόνοι
909 2214 981 2254 τῶν
993 2216 1347 2268 παροιὲειγμάτων.
1364 2217 1530 2256 HEMST.

447 2272 526 2311 ibid.
542 2260 680 2323 Νηρία)
704 2271 817 2310 Hanc
839 2282 1003 2319 vocem,
1025 2282 1126 2321 quae
1141 2270 1179 2308 in
1198 2270 1379 2310 omnibus
1398 2270 1505 2310 editis
1523 2270 1673 2319 deerat‚·

391 2339 482 2365 cum
499 2327 536 2364 in
552 2324 638 2365 Mff.
660 2324 826 2364 inveniri
848 2323 1003 2364 testetur
1017 2324 1118 2364 Tan.
1142 2323 1286 2372 Faber,
1302 2324 1341 2363 in
1362 2334 1511 2364 textum
1532 2325 1669 2366 lubens

391 2380 533 2432 recepi.
554 2380 710 2419 SOLAN.

445 2435 527 2473 ibid.
544 2434 687 2486 Ταύρων
703 2447 747 2472 τε
760 2432 824 2471 καὶ
840 2431 978 2486 αἰγῶν)
999 2432 1058 2472 Ex
1071 2432 1234 2471 Homer.
1255 2444 1269 2470 1
1288 2431 1393 2471 Iliad.
1409 2445 1509 2486 quae
1525 2432 1665 2487 repetit

390 2489 600 2528 multoties.
621 2488 795 2527 Eoum).

447 2543 540 2595 Pag.
563 2542 626 2584 80.
649 2543 673 2581 l.
697 2544 734 2582 6.
758 2539 829 2581 Καὶ
856 2541 983 2595 λέγων
1010 2538 1157 2594 ἔριδες)
1185 2540 1244 2581 Sic
1268 2540 1307 2580 in
1324 2539 1517 2581 'omnibus
1546 2539 1668 2588 dialoq
