1737 3378
1728 171 1737 235 224,
1728 96 1737 155 --.u
1720 0 1737 82 nait-fi

444 238 531 299 1ff
641 230 1510 282 ANNOTATIONES

434 325 667 376 ὃνμιουργος
683 334 846 377 uterque
872 322 1105 376 appellatur,
1127 322 1341 376 diciturque
1365 322 1542 364 Socrates
1562 322 1704 377 εἰργίοδ,

437 382 531 417 σθαι
557 379 620 417 σὺν
640 377 694 428 τῷ
711 378 831 428 πατρὶ
849 376 916 417 τὴν
931 375 1159 427 λιθοτομικῆν
1173 407 1184 424 ,
1203 376 1244 415 δε
1257 406 1268 421 ,
1288 377 1455 428 πατρώᾳ,
1471 378 1588 431 τέχνῃ
1603 377 1701 431 χρῆ·

437 435 533 470 σθαι
551 430 599 480 τῇ
615 430 822 480 >murm-13.
848 431 924 470 lam
941 443 1038 470 vero
1052 431 1119 482 qui
1136 431 1290 483 proprie
1303 429 1506 483 λιθουργοὶ,
1521 443 1621 484 quae
1635 442 1699 470 λι-

435 483 605 538 Θουργικὴ
619 515 629 532 ,
653 486 799 538 optime
819 484 931 524 docet
956 484 1086 524 Suidas
1099 514 1111 531 ‚
1130 484 1191 523 vel
1206 485 1236 522 is
1251 483 1382 536 potius
1395 514 1406 531 ‚
1421 496 1537 536 quem
1553 483 1698 524 descri-

464 537 507 577 s1t
529 539 567 577 in
584 540 636 578 V.
660 538 847 578 Manetho
870 549 987 577 vocat
1012 537 1222 585 Λαοτόμους
1239 551 1282 575 τε
1307 537 1443 589 πέτρης
1461 537 1698 590 σιληρώέεος

434 552 511 638 pv,
531 607 617 646 335.
633 591 683 632 sic
699 593 800 631 enim
816 592 867 630 ibi
886 591 1107 644 legendum:
1124 590 1164 629 &
1184 601 1310 629 tamen
1330 591 1478 630 Phidias
1491 591 1590 644 apud
1607 591 1700 630 Ari-

434 644 521 685 stot.
539 645 609 686 Ἤθ.
625 651 664 684 N.
683 645 757 691 VI,
773 658 805 684 c.
820 659 859 695 7,
874 656 1001 684 tantus
1018 643 1152 684 artifex
1168 644 1356 696 λιθουργος
1372 647 1496 693 cambe,
1510 645 1576 684 ubi
1590 644 1700 684 Para-

434 698 602 752 phrastes
615 699 862 738 Andronicus
877 699 1012 738 addere
1029 710 1107 737 non
1126 698 1312 736 dubitavit
1326 727 1338 743 ,
1354 696 1411 736 ὅτι
1432 698 1586 749 ἄριστος
1608 696 1698 739 ἔστι
1727 714 1737 748 ¹³.

435 752 504 792 τὴν
538 750 776 805 λιθουργικήν.
803 753 950 791 Moeris
977 763 1133 790 annotat
1149 782 1160 798 ‚
1187 750 1401 803 Λιθουργοὺς
1422 750 1699 803 Thucydidem
1724 749 1735 809 ξ

435 805 582 854 dixisse,
607 806 738 858 (locus
760 804 813 844 est
834 805 904 852 IV,
930 805 1021 858 69.)
1043 805 1321 856 Antiphontem
1343 802 1570 844 λιθοκόπους·
1592 804 1698 846 τεᾶε
1728 815 1734 825 ”

435 861 550 913 igitur
564 860 735 910 Hesych.
752 859 942 912 Λιθουργος
957 889 968 906 ,
983 857 1174 897 λιθοκόπος
1186 888 1199 904 ,
1217 856 1492 909 λιθογλύπτης.
1507 858 1579 898 Sed
1602 859 1699 899 haec
1724 879 1732 911 ς

434 915 549 953 latius
563 913 736 966 persequi
757 922 864 951 vetat
887 911 1045 950 instituti
1059 912 1178 950 ratio:
1199 912 1555 964 praetermittendus
1568 923 1699 953 tamen
1724 934 1731 949 .

433 980 517 1006 non
537 966 588 1006 est
609 966 798 1006 Plutarchi
814 966 923 1004 locus
945 978 1016 1018 pro
1032 964 1162 1004 Nobil.
1180 978 1215 1017 p.
1237 978 1338 1018 2¹7AE
1356 964 1395 1002 ‘H
1415 963 1460 1003 δὲ
1475 955 1731 1018 Σωκράτουςᾶ

435 1020 579 1072 &seila
597 1023 719 1071 μοιίοις
735 1020 799 1057 καὶ
819 1017 1050 1071 ὲρμογλύφου
1069 1021 1213 1069 πατρὸς
1228 1014 1294 1057 οὐκ
1313 1019 1350 1057 ἦν
1366 1013 1618 1070 εὐγενεστέρα.
1632 1018 1698 1059 τῆς

435 1073 745 1127 Σαρδαναπάλου
761 1071 897 1124 ἕόξης;
912 1072 969 1111 Ex
985 1072 1043 1111 his
1056 1071 1166 1110 simul
1182 1071 1339 1124 intelligi
1354 1070 1478 1124 potest
1489 1101 1501 1119 ‚
1515 1085 1596 1125 quo
1611 1073 1699 1113 iure

434 1128 608 1168 Thomas
623 1128 728 1180 Mag.
753 1127 921 1179 probans
934 1125 1164 1179 ἑρμογλύφος
1187 1125 1226 1165 &
1242 1124 1516 1178 ἑρμογλυφεὺς,
1534 1124 1699 1178 λιθοξόων

433 1182 589 1222 reiiciat.
611 1182 774 1220 HEMST.

487 1237 566 1275 ibid.
581 1235 674 1275 Ὑπὸ
691 1233 739 1285 τῇ
754 1232 850 1286 ἑρμ.)
864 1233 1036 1273 Laertius
1049 1232 1088 1272 in
1103 1232 1278 1272 Socrate:
1297 1231 1423 1284 Δοῦρις
1444 1231 1490 1272 δὲ
1515 1232 1580 1273 καὶ
1604 1232 1700 1273 saud

434 1288 571 1330 λεῦσειι
595 1285 726 1337 αὗτὸν,
751 1288 815 1326 καὶ
841 1287 1090 1340 ἐργάσασθαι
1116 1287 1244 1326 λίθους.
1259 1286 1439 1326 Valerius
1458 1299 1538 1326 non
1558 1287 1700 1327 Socra-

434 1354 511 1383 tem
525 1373 536 1389 ,
552 1341 612 1382 sed
630 1343 712 1382 eius
737 1353 885 1394 patrem
908 1340 1210 1394 Sophroniscum
1224 1370 1238 1387 ,
1261 1341 1557 1380 marmorarium
1581 1340 1696 1381 fuiffe

433 1397 618 1452 perhibet.
635 1397 774 1435 Bao».

489 1454 564 1490 ead.
578 1451 601 1488 l.
621 1463 681 1499 17.
699 1446 969 1500 Ἀνοικὺπτων)
987 1446 1087 1487 Cod.
1109 1447 1225 1499 Angl.
1249 1446 1445 1496 ἂνανίιφων.
1468 1448 1640 1488 BOURD.
1655 1447 1698 1490 P.'

431 1505 489 1543 fl.
508 1504 546 1543 δι
560 1505 590 1542 Ι.
605 1500 800 1550 ἀνανήφων.
821 1502 963 1541 Utrum
984 1502 1059 1539 utri
1079 1501 1256 1554 praestet,
1270 1514 1317 1540 ex
1335 1500 1419 1540 Mff.
1433 1500 1692 1542 definiendum

432 1558 511 1605 est3
534 1568 747 1609 utrumque
771 1556 871 1594 enim
897 1567 1043 1608 aptum.
1063 1555 1220 1593 SOLAN.
1249 1551 1450 1603 Ἀνοινῆφειν
1470 1556 1626 1608 ponitur
1646 1556 1695 1596 de

430 1612 477 1651 iis
491 1642 505 1658 ‚
527 1612 593 1665 qui
615 1611 661 1649 ad
681 1610 806 1649 sanam
827 1609 868 1649 δι
886 1607 1048 1648 sobriam
1068 1620 1234 1647 mentem
1262 1608 1442 1648 redeunt:
1461 1621 1562 1662 quae
1583 1620 1694 1663 pote-

432 1665 505 1705 stas
520 1679 609 1705 cum
630 1663 752 1703 aliena
765 1662 811 1702 fit
823 1676 844 1702 a
858 1663 1014 1703 Luciani
1027 1673 1154 1702 mente
1165 1694 1177 1711 ‚
1188 1661 1384 1715 totiusque
1397 1663 1584 1703 orationis
1598 1676 1694 1704 con·

431 1730 567 1769 textu,
592 1718 683 1758 nihil
708 1716 761 1757 est
784 1717 942 1763 causae,
969 1729 1039 1756 cur
1066 1715 1294 1770 scriptorum
1316 1715 1440 1756 Codd.
1463 1717 1696 1770 primarum-¹

431 1787 509 1827 que
524 1773 606 1813 edd.
624 1772 856 1812 au&oritate
869 1783 1109 1810 moveamur.
1126 1769 1372 1810 Ἀνοωιυπτειν
1392 1781 1527 1810 contra
1539 1785 1696 1825 emergere

432 1829 470 1867 6»
489 1832 570 1867 ret-‘lo
591 1826 698 1880 capite
711 1825 785 1877 sese
799 1826 934 1878 erigere,
955 1825 1063 1878 quod
1083 1825 1200 1863 animi
1221 1823 1478 1877 generosioris
1499 1823 1574 1874 est,
1598 1826 1694 1866 indi-

432 1895 547 1935 gnam
569 1880 607 1921 se
627 1880 886 1920 conditionem
907 1878 1161 1932 aspernantis:
1180 1878 1256 1917 hoc
1274 1878 1394 1931 ipsum
1410 1877 1604 1932 postulant
1617 1894 1696 1925 τοις

432 1939 573 1983 πεινος,
597 1947 641 1974 ac
657 1945 797 1982 cetera,
815 1945 913 1986 quae
927 1933 1168 1986 praecedunt.
1189 1932 1298 1971 Plato
1314 1933 1353 1971 in
1365 1931 1520 1972 Phaedr.
1535 1947 1570 1986 p.
1591 1946 1709 1988 ηας,

433 1989 476 2029 Ε.
495 1988 614 2040 ψυχὴ
637 1986 868 2038 ὑπεριδοῦσαι
889 1985 916 2024 ἃ
930 1985 987 2026 νῦν
1008 1984 1099 2026 εἶναι
1118 1986 1244 2036 φοιμὲν
1257 2015 1268 2033 ,
1289 1985 1353 2026 καὶ
1377 1985 1619 2037 &vamusim-oe.
1637 1987 1694 2028 εἰς

430 2046 477 2082 τὸ
500 2045 612 2082 ὀντως
627 2042 673 2080 'dv-
691 2042 799 2094 plura
822 2040 923 2079 dabit
942 2040 1120 2080 Budaeus
1139 2039 1185 2080 C.
1208 2040 1250 2079 L.
1266 2038 1315 2080 G.
1338 2052 1424 2093 pag.
1438 2053 1502 2088 7¹-
1519 2040 1624 2080 Idem
1647 2041 1707 2082 δι’

431 2096 616 2136 ἀνανεύειν
634 2095 755 2135 Dioni
773 2093 911 2147 Chrys.
933 2093 1005 2133 Or.
1022 2094 1097 2142 IV,
1110 2107 1194 2146 pag.
1207 2106 1272 2143 71.
1292 2092 1422 2134 Ifidor.
1439 2093 1560 2134 Pelus.
1573 2093 1602 2134 Ι.
1615 2095 1694 2149 Ep.

433 2163 523 2201 275.
544 2150 649 2203 quod
670 2149 861 2202 eleganter
878 2148 908 2187 Ι.
928 2147 1070 2187 Potter.
1090 2148 1138 2186 ad
1150 2147 1273 2188 Clem.
1293 2146 1417 2188 Protr.
1442 2162 1478 2202 p.
1493 2162 1569 2202 49,
1582 2161 1619 2188 n.
1638 2165 1691 2198 4,

430 2203 592 2243 restituit
620 2203 783 2256 Origeni
815 2213 949 2242 contra
971 2200 1070 2241 Cels.
1094 2215 1131 2255 p.
1155 2216 1242 2255 334.
1270 2202 1480 2255 opponitur
1497 2202 1552 2252 τῷ
1579 2200 1690 2242 κάτω

431 2259 633 2296 νενευκέναι
650 2257 700 2296 εἰς
723 2260 766 2295 το
791 2255 894 2308 ἔργον
907 2287 919 2304 ,
941 2267 984 2295 ut
1000 2255 1120 2295 modo
1139 2255 1233 2295 dixit
1253 2255 1412 2305 Noster,
1433 2256 1556 2309 obstipo
1577 2257 1689 2309 capite

431 2327 473 2350 ac
494 2311 628 2363 demiffi²
649 2311 738 2363 operi
763 2311 924 2349 intentum
954 2309 1028 2362 effi.
1055 2309 1118 2349 Ad
1146 2321 1313 2349 mentem
1340 2309 1381 2349 &
1410 2310 1528 2349 animi
1558 2308 1688 2351 sensus

432 2376 595 2418 utraque
615 2363 807 2403 transferri
827 2362 959 2403 solent.
984 2363 1135 2403 Tatian.
1154 2364 1199 2402 ad
1216 2363 1355 2403 Graec.
1378 2363 1392 2413 §
1417 2377 1465 2402 22
1489 2364 1531 2403 &
1551 2364 1622 2413 263
1645 2374 1700 2418 pa·

427 2421 475 2458 61
493 2448 503 2465 ‚
527 2419 723 2458 locutione
747 2418 957 2457 Platonica:
980 2420 1054 2456 τὰς
1077 2417 1237 2470 γνώμας
1257 2413 1384 2456 οιῦτῶν
1400 2417 1691 2469 παρατρέπουσι

430 2474 538 2511 κάτω
553 2473 756 2511 νενευκυίας
767 2502 779 2518 ,
794 2472 894 2510 ὅπως
907 2469 1206 2523 μεταρσιοῦσῧοω
1225 2469 1502 2522 ἑξαὲυνοιτῶσι.
1517 2471 1692 2512 Hierocle

428 2526 468 2565 in
489 2526 537 2566 A.
561 2526 607 2566 C.
627 2540 662 2580 p.
680 2526 768 2567 208.
780 2524 918 2566 Noster
933 2525 972 2566 in
991 2524 1076 2578 περὶ
1090 2523 1162 2566 τῶν
1180 2525 1243 2566 ἐπὶ
1262 2529 1310 2564 Μ.
1333 2530 1377 2567 Σ.
1402 2523 1596 2571 θητεύσεις
1610 2525 1691 2570 κείς
