1737 3378
391 275 526 311 LXVI

395 488 494 531 1514

389 1293 487 1335 ¹517

383 1869 481 1923 1518

379 2151 479 2192 ¹519

733 258 1340 307 EDITIONES

660 381 709 441 a)
811 378 1376 425 LATINAE.

549 474 718 526 Parisiis,
745 488 781 523 4.
811 474 959 528 Scripta
986 475 1145 514 Luciani
1166 476 1348 528 pleraque
1369 474 1416 514 ab
1432 474 1578 527 Erafmo
1601 474 1646 517 δι’

549 528 626 568 Th.
642 530 748 567 Moro
767 529 945 568 translata
958 558 971 574 ,
994 529 1035 568 δε
1055 530 1104 568 ab
1115 529 1270 569 Erasino
1295 530 1509 581 recognita,
1530 530 1645 582 prod-

549 582 628 621 iere
653 583 752 635 apud
777 581 986 633 Ascenfium.
1007 605 1051 612 —
1081 582 1199 634 Quae
1224 583 1383 622 Luciani
1404 582 1519 621 vertit
1539 581 1646 622 Eras-

549 648 633 675 mus
655 635 799 687 (vertit
822 648 948 675 autem
973 636 1177 675 admodum
1203 637 1373 683 iuvenis,
1401 636 1498 675 unde
1521 635 1645 676 Grae-

547 701 616 727 cae
639 689 789 742 linguae
815 689 1055 742 ignoratione
1081 688 1193 742 saepe
1215 703 1370 742 peccare
1391 689 1541 728 notavit
1563 689 1646 728 Pal-

546 742 698 781 merius.
725 743 799 781 vid.
829 755 942 782 notas
971 743 1016 781 ad
1048 743 1096 782 T.
1119 743 1135 781 1
1161 743 1218 782 ed.
1240 743 1359 781 Amst.
1385 757 1420 795 p.
1442 743 1559 795 474.)
1589 743 1643 782 le·

547 807 690 848 guntur
713 797 826 835 etiam
851 796 984 835 Tomo
1013 797 1138 848 primo
1170 795 1311 836 Erasmi
1338 796 1513 849 Operum
1538 795 1644 836 Basi-

547 850 628 888 leae
659 849 749 888 olim
765 880 777 896 ‚
807 850 847 888 ὅ(
875 849 951 889 hoc
976 848 1057 901 ipso
1092 860 1265 903 tempore
1288 851 1427 889 iterum
1448 850 1644 890 Amstelo-

546 903 648 941 dami
663 901 894 942 recusorum.
913 904 1012 942 Sunt
1027 913 1152 942 autem
1174 906 1284 942 haec:
1310 903 1513 942 Saturnalia
1528 934 1541 949 ,
1558 905 1640 942 Cro·

544 957 708 1007 tzofhlon,
737 957 908 1010 Epistulae
933 957 1158 1001 saturnales,
1193 958 1231 994 de
1265 957 1395 1003 LuHu,
1427 957 1642 1005 Abdicatus,

543 1011 814 1063 Icaromerzippus
831 1039 842 1056 ,
882 1010 1028 1049 Toxaris
1043 1039 1054 1054 ,
1081 1009 1340 1060 Pftudomantis
1352 1043 1364 1058 ‚
1394 1011 1521 1048 Gallus
1537 1039 1550 1055 ,
1581 1012 1643 1049 Ti-

548 1079 623 1103 mon
638 1094 651 1110 ,
674 1079 737 1117 pro
763 1064 992 1116 Tyrannicida
1007 1093 1018 1109 ,
1046 1066 1084 1101 de
1106 1065 1258 1102 Mercede
1283 1064 1473 1112 corumblis,
1496 1064 1643 1116 Dialogi

543 1119 700 1156 amatorii
713 1117 871 1163 XVIII,
883 1117 1046 1155 Hercules
1061 1117 1218 1156 Gallicus
1229 1146 1239 1163 ,
1254 1117 1446 1156 Eunuchus
1456 1117 1518 1167 seu
1533 1117 1641 1157 Pam·

540 1171 656 1224 philus
669 1201 681 1218 ‚
720 1171 916 1210 Convivium
941 1171 975 1222 s
1010 1171 1177 1222 Lapithae
1191 1201 1203 1219 ,
1237 1174 1275 1209 de
1309 1171 1496 1222 Sacn'ficiis
1531 1170 1573 1210 &
1601 1172 1642 1211 de

543 1226 583 1262 A
611 1226 680 1264 rolo
704 1226 750 1263 ἱα.

550 1227 718 1326 νζῖιειὶἱξ,
744 1293 780 1327 4.
809 1276 942 1331 Opera
969 1277 1128 1329 Luciani
1157 1275 1371 1330 philosophi
1395 1276 1641 1316 luculentiffi-

543 1333 614 1371 mi:
636 1331 698 1371 Dc
716 1333 820 1370 veris
844 1331 1147 1376 narrationibus,
1167 1331 1212 1369 de
1227 1329 1368 1375 Asmo,
1390 1330 1644 1383 Philosopho-

543 1399 629 1425 rum
655 1387 784 1432 vitae,
814 1385 964 1438 Scipio,
988 1385 1225 1435 Tyrannus,
1251 1384 1517 1436 Scaphidium,
1544 1385 1642 1424 Pali-

543 1452 689 1486 nurus,
719 1439 900 1487 Charon,
929 1439 1126 1490 Diogenes
1142 1468 1153 1485 ‚
1184 1437 1376 1490 Terpfion
1392 1468 1403 1486 ,
1428 1438 1640 1485 Hercules,

542 1494 678 1532 Virtus
701 1492 809 1538 Dea,
835 1494 873 1530 in
903 1492 1115 1537 Amorem,
1137 1491 1306 1537 Timon,
1332 1491 1377 1530 de
1400 1491 1640 1542 Callumnia,

541 1547 626 1585 laus
641 1545 811 1585 Muscae.
830 1568 874 1575 —
892 1545 934 1584 ln
955 1545 1051 1584 fine:
1077 1545 1218 1583 finiunt
1236 1545 1348 1583 omnia
1371 1561 1469 1598 opera
1483 1547 1640 1598 praecla-

542 1600 653 1652 nſjfmi
677 1600 838 1639 oratoris:
862 1615 986 1639 necnon
1010 1598 1200 1652 philosophi
1226 1597 1401 1648 acutzffi‘mi
1419 1599 1565 1638 Luciam'
1577 1615 1638 1640 ac·

541 1666 659 1693 curata
671 1653 854 1705 diligentia.
878 1653 1036 1706 Impreffa
1058 1653 1201 1691 Venetiis
1217 1667 1279 1706 per
1288 1652 1503 1692 Melchiorem
1511 1653 1638 1706 fiffilm

540 1708 575 1746 6³
588 1708 725 1746 Petrum
741 1709 778 1745 de
793 1707 935 1745 rauanis
941 1707 1076 1758 socios:
1096 1708 1205 1746 Anno
1224 1706 1349 1746 domini
1361 1708 1421 1746 M.
1431 1708 1486 1746 D.
1500 1707 1635 1750 XVII.

539 1762 591 1800 die
610 1763 695 1798 XX
709 1763 826 1812 mensis
836 1761 1036 1814 ftptembris.

538 1816 713 1866 Easdem,
740 1831 777 1863 4.
800 1813 1028 1854 Ascenfiana
1052 1827 1152 1867 1514
1170 1827 1211 1854 re
1240 1814 1344 1854 etita.

537 1870 726 1920 Hagenoae
738 1900 749 1916 ‚
763 1883 799 1917 4.
815 1868 972 1908 Luciani
983 1867 1202 1908 Samosaten
1221 1882 1252 1908 is
1264 1867 1421 1921 Dialogi
1435 1867 1514 1908 duo
1533 1868 1638 1909 cha-·

536 1935 610 1961 ron
630 1922 670 1960 δι
689 1922 904 1973 Tyrannus
920 1953 930 1971 ‚
961 1924 1000 1960 in
1024 1922 1162 1983 quibus
1180 1923 1276 1961 mira
1299 1924 1420 1975 gratia
1441 1922 1635 1963 humanae
1699 1958 1705 1971 ,

537 1976 770 2015 conditionis
792 1975 959 2015 miseriae
977 1976 1234 2029 depinguntur
1247 2006 1258 2023 ,
1283 1975 1398 2015 Petro
1417 1975 1636 2017 Mosellano

536 2029 754 2082 Protegenfi
777 2030 991 2083 interprete.
1010 2052 1055 2059 —
1082 2029 1124 2069 ln
1142 2029 1239 2069 fine:
1260 2030 1448 2081 Hagenoae
1470 2046 1513 2069 ex
1531 2031 1636 2071 Aca-

534 2085 641 2123 demia
664 2084 915 2122 Anshelmiana
925 2114 938 2130 ‚
960 2083 1066 2135 mens}
1090 2085 1223 2122 anbri
1237 2099 1328 2122 anno
1343 2085 1401 2122 M.
1417 2085 1468 2122 D.
1482 2083 1634 2124 XVIII.

535 2139 776 2189 Argentorati‚
797 2153 833 2185 4.
859 2138 1035 2177 Manium
1056 2137 1211 2177 Luciani
1232 2150 1367 2177 omnes
1387 2137 1551 2190 dialogi,
1574 2137 1636 2177 iu-

532 2193 666 2231 cundis
692 2191 850 2237 salibus,
887 2192 1146 2244 &impendio
1179 2189 1323 2231 festivis
1351 2191 1448 2231 iocis
1479 2192 1633 2232 referti:

531 2246 672 2298 quibus
693 2245 911 2298 aequiffima
933 2246 1074 2284 trutina
1095 2245 1323 2298 expenditur
1343 2245 1393 2284 ab
1416 2245 1459 2284 iis
1482 2245 1549 2298 qui
1568 2246 1632 2285 vi·
1695 2259 1698 2263 ·

530 2310 569 2338 ta
592 2299 757 2339 defuneti
785 2299 896 2346 sunt,
930 2300 1084 2352 quantis
1111 2300 1151 2338 in
1172 2299 1278 2338 malis
1299 2300 1384 2338 vita
1407 2298 1631 2338 mortalium

531 2353 716 2393 versetur.
743 2353 900 2393 Erasmo
926 2353 1195 2394 Roterodamo
1222 2354 1438 2405 interprete.
1464 2351 1630 2392 Pontico

529 2407 710 2447 Virunio.
741 2407 953 2447 Ottomaro
984 2408 1173 2447 Luscinio.
1210 2407 1394 2446 Vitarum
1427 2405 1631 2456 dein,>seu

530 2460 849 2514 philosophorum
879 2461 1033 2508 auffio,
1061 2461 1217 2500 Luciani
1243 2460 1439 2513 dialogus,
1464 2460 1633 2511 Nycho-

528 2515 592 2553 lao
620 2515 784 2554 Beraldo
810 2515 1023 2568 interprete.
1060 2514 1236 2566 Querela
1272 2515 1360 2553 item
1397 2514 1574 2560 virtutis,
1606 2526 1630 2552 e

524 2568 695 2609 Luciano
720 2569 865 2609 carolo
891 2570 1039 2608 aretino
1065 2567 1262 2608 traduems
1283 2580 1404 2621 nuper
1431 2567 1623 2619 dialogus.
