<?xml version="1.0" encoding="UTF-8"?>
<!DOCTYPE html PUBLIC "-//W3C//DTD XHTML 1.0 Transitional//EN"
    "http://www.w3.org/TR/xhtml1/DTD/xhtml1-transitional.dtd">
<html xmlns="http://www.w3.org/1999/xhtml" xml:lang="en" lang="en">
 <head>
  <title>
</title>
<meta http-equiv="Content-Type" content="text/html;charset=utf-8" />
  <meta name='ocr-system' content='tesseract 3.04.00' />
  <meta name='ocr-capabilities' content='ocr_page ocr_carea ocr_par ocr_line ocrx_word'/>
</head>
<body>
  <div class='ocr_page' id='page_1' title='image "./operagraeceetlat01luciuoft/operagraeceetlat01luciuoft_0028.png"; bbox 0 0 1737 3378; ppageno 0'>
   <div class='ocr_carea' id='block_1_1' title="bbox 394 226 1373 286">
    <p class='ocr_par' dir='ltr' id='par_1_1' title="bbox 394 226 1373 286">
     <span class='ocr_line' id='line_1_1' title="bbox 394 226 1373 286; baseline -0.011 -2"><span class='ocrx_word' id='word_1_1' title='bbox 394 246 542 286; x_wconf 82' lang='lat' dir='ltr'><strong>xvm</strong></span> <span class='ocrx_word' id='word_1_2' title='bbox 681 228 783 275; x_wconf 89' lang='lat' dir='ltr'><strong>DE</strong></span> <span class='ocrx_word' id='word_1_3' title='bbox 823 230 862 274; x_wconf 87' lang='lat' dir='ltr'><em>A</em></span> <span class='ocrx_word' id='word_1_4' title='bbox 878 227 1018 273; x_wconf 88' lang='lat' dir='ltr'><strong>ETA</strong></span> <span class='ocrx_word' id='word_1_5' title='bbox 1039 227 1158 286; x_wconf 79' lang='lat' dir='ltr'><strong>TE,</strong></span> <span class='ocrx_word' id='word_1_6' title='bbox 1198 226 1271 274; x_wconf 92' lang='lat' dir='ltr'><strong>VI</strong></span> <span class='ocrx_word' id='word_1_7' title='bbox 1287 227 1373 274; x_wconf 87' lang='lat' dir='ltr'><strong>TA</strong></span> 
     </span>
    </p>
   </div>
   <div class='ocr_carea' id='block_1_2' title="bbox 395 337 1659 837">
    <p class='ocr_par' dir='ltr' id='par_1_2' title="bbox 395 337 1659 837">
     <span class='ocr_line' id='line_1_2' title="bbox 396 337 1651 400; baseline -0.006 -10"><span class='ocrx_word' id='word_1_8' title='bbox 396 347 514 390; x_wconf 90' lang='lat' dir='ltr'><strong>dum</strong></span> <span class='ocrx_word' id='word_1_9' title='bbox 532 339 783 387; x_wconf 84' lang='lat' dir='ltr'><strong>Pantheam</strong></span> <span class='ocrx_word' id='word_1_10' title='bbox 799 337 1060 384; x_wconf 83' lang='lat' dir='ltr'><strong>Abraclatae</strong></span> <span class='ocrx_word' id='word_1_11' title='bbox 1079 337 1331 400; x_wconf 84' lang='lat' dir='ltr'><strong>coniugem</strong></span> <span class='ocrx_word' id='word_1_12' title='bbox 1354 337 1547 399; x_wconf 83' lang='lat' dir='ltr'><strong>effingit,</strong></span> <span class='ocrx_word' id='word_1_13' title='bbox 1563 338 1651 383; x_wconf 81' lang='lat' dir='ltr'><strong>vir·</strong></span> 
     </span>
     <span class='ocr_line' id='line_1_3' title="bbox 398 401 1653 465; baseline -0.006 -12"><span class='ocrx_word' id='word_1_14' title='bbox 398 420 548 453; x_wconf 87' lang='lat' dir='ltr'><strong>tutem</strong></span> <span class='ocrx_word' id='word_1_15' title='bbox 579 404 770 465; x_wconf 78' lang='lat' dir='ltr'>praebet</span> <span class='ocrx_word' id='word_1_16' title='bbox 793 403 1067 448; x_wconf 82' lang='lat' dir='ltr'>absolutam.</span> <span class='ocrx_word' id='word_1_17' title='bbox 1100 401 1191 447; x_wconf 90' lang='lat' dir='ltr'><strong>Sed</strong></span> <span class='ocrx_word' id='word_1_18' title='bbox 1213 418 1312 447; x_wconf 88' lang='lat' dir='ltr'><strong>non</strong></span> <span class='ocrx_word' id='word_1_19' title='bbox 1334 401 1486 446; x_wconf 90' lang='lat' dir='ltr'><strong>solum</strong></span> <span class='ocrx_word' id='word_1_20' title='bbox 1506 403 1653 446; x_wconf 88' lang='lat' dir='ltr'><strong>virtu-</strong></span> 
     </span>
     <span class='ocr_line' id='line_1_4' title="bbox 395 466 1654 519; baseline -0.004 -3"><span class='ocrx_word' id='word_1_21' title='bbox 395 483 494 516; x_wconf 90' lang='lat' dir='ltr'><strong>tem</strong></span> <span class='ocrx_word' id='word_1_22' title='bbox 527 468 865 514; x_wconf 78' lang='lat' dir='ltr'><strong>efi&#39;ormandam</strong></span> <span class='ocrx_word' id='word_1_23' title='bbox 895 467 1180 519; x_wconf 74' lang='lat' dir='ltr'><strong>decreverat,</strong></span> <span class='ocrx_word' id='word_1_24' title='bbox 1208 483 1372 511; x_wconf 90' lang='lat' dir='ltr'><strong>verum</strong></span> <span class='ocrx_word' id='word_1_25' title='bbox 1399 466 1557 510; x_wconf 85' lang='lat' dir='ltr'><strong>omnia</strong></span> <span class='ocrx_word' id='word_1_26' title='bbox 1580 467 1654 511; x_wconf 86' lang='lat' dir='ltr'><strong>in-</strong></span> 
     </span>
     <span class='ocr_line' id='line_1_5' title="bbox 398 529 1657 595; baseline -0.004 -15"><span class='ocrx_word' id='word_1_27' title='bbox 398 536 560 595; x_wconf 80' lang='lat' dir='ltr'>super,</span> <span class='ocrx_word' id='word_1_28' title='bbox 582 534 756 593; x_wconf 86' lang='lat' dir='ltr'><strong>quibus</strong></span> <span class='ocrx_word' id='word_1_29' title='bbox 776 531 996 592; x_wconf 58' lang='lat' dir='ltr'><strong>coniungi</strong></span> <span class='ocrx_word' id='word_1_30' title='bbox 1010 531 1107 576; x_wconf 83' lang='lat' dir='ltr'><strong>Dea</strong></span> <span class='ocrx_word' id='word_1_31' title='bbox 1123 565 1134 586; x_wconf 81' lang='lat'><strong><em>‚</em></strong></span> <span class='ocrx_word' id='word_1_32' title='bbox 1153 529 1194 574; x_wconf 78' lang='lat' dir='ltr'><strong>8c</strong></span> <span class='ocrx_word' id='word_1_33' title='bbox 1215 547 1237 574; x_wconf 91' lang='lat' dir='ltr'><strong>a</strong></span> <span class='ocrx_word' id='word_1_34' title='bbox 1258 531 1433 590; x_wconf 81' lang='lat' dir='ltr'><strong>quibus</strong></span> <span class='ocrx_word' id='word_1_35' title='bbox 1452 530 1657 592; x_wconf 78' lang='lat' dir='ltr'><strong>disiungi</strong></span> 
     </span>
     <span class='ocr_line' id='line_1_6' title="bbox 398 592 1657 658; baseline -0.004 -14"><span class='ocrx_word' id='word_1_36' title='bbox 398 600 527 644; x_wconf 82' lang='lat' dir='ltr'><strong>solet.</strong></span> <span class='ocrx_word' id='word_1_37' title='bbox 557 599 628 642; x_wconf 88' lang='lat' dir='ltr'><strong>Ne</strong></span> <span class='ocrx_word' id='word_1_38' title='bbox 659 598 797 658; x_wconf 76' lang='lat' dir='ltr'><strong>igitur</strong></span> <span class='ocrx_word' id='word_1_39' title='bbox 826 592 1094 640; x_wconf 72' lang='lat' dir='ltr'>incomitata</span> <span class='ocrx_word' id='word_1_40' title='bbox 1122 595 1426 654; x_wconf 82' lang='lat' dir='ltr'><strong>procederet,</strong></span> <span class='ocrx_word' id='word_1_41' title='bbox 1460 593 1657 639; x_wconf 76' lang='lat' dir='ltr'><strong>eximios</strong></span> 
     </span>
     <span class='ocr_line' id='line_1_7' title="bbox 399 658 1654 718; baseline -0.006 -10"><span class='ocrx_word' id='word_1_42' title='bbox 399 665 520 708; x_wconf 83' lang='lat' dir='ltr'><strong>viros</strong></span> <span class='ocrx_word' id='word_1_43' title='bbox 534 697 545 718; x_wconf 79' lang='lat'>‚</span> <span class='ocrx_word' id='word_1_44' title='bbox 570 662 762 707; x_wconf 88' lang='lat' dir='ltr'><strong>unicum</strong></span> <span class='ocrx_word' id='word_1_45' title='bbox 785 672 1111 704; x_wconf 77' lang='lat' dir='ltr'><strong>ornamentum</strong></span> <span class='ocrx_word' id='word_1_46' title='bbox 1135 658 1368 718; x_wconf 83' lang='lat' dir='ltr'><strong>decusque</strong></span> <span class='ocrx_word' id='word_1_47' title='bbox 1389 659 1554 714; x_wconf 80' lang='lat' dir='ltr'><strong>seculi,</strong></span> <span class='ocrx_word' id='word_1_48' title='bbox 1573 658 1654 702; x_wconf 84' lang='lat' dir='ltr'><strong>ad·-</strong></span> 
     </span>
     <span class='ocr_line' id='line_1_8' title="bbox 398 723 1659 773; baseline -0.003 -1"><span class='ocrx_word' id='word_1_49' title='bbox 398 728 520 773; x_wconf 81' lang='lat' dir='ltr'><strong>didit</strong></span> <span class='ocrx_word' id='word_1_50' title='bbox 544 726 735 771; x_wconf 83' lang='lat' dir='ltr'><strong>comites</strong></span> <span class='ocrx_word' id='word_1_51' title='bbox 763 723 803 769; x_wconf 72' lang='lat'><strong>&amp;2</strong></span> <span class='ocrx_word' id='word_1_52' title='bbox 825 723 1044 769; x_wconf 72' lang='lat' dir='ltr'><strong>assessores</strong></span> <span class='ocrx_word' id='word_1_53' title='bbox 1076 723 1365 768; x_wconf 79' lang='lat' dir='ltr'>NIGRINUM</span> <span class='ocrx_word' id='word_1_54' title='bbox 1396 723 1436 768; x_wconf 78' lang='lat' dir='ltr'><strong>8c</strong></span> <span class='ocrx_word' id='word_1_55' title='bbox 1467 723 1659 768; x_wconf 82' lang='lat' dir='ltr'>DEMO-</span> 
     </span>
     <span class='ocr_line' id='line_1_9' title="bbox 397 803 629 837; baseline -0.013 0"><span class='ocrx_word' id='word_1_56' title='bbox 397 803 629 837; x_wconf 78' lang='lat' dir='ltr'><strong>NACTEM.</strong></span> 
     </span>
    </p>
   </div>
   <div class='ocr_carea' id='block_1_3' title="bbox 399 873 1724 2291">
    <p class='ocr_par' dir='ltr' id='par_1_3' title="bbox 399 873 1724 2291">
     <span class='ocr_line' id='line_1_10' title="bbox 467 873 1659 946; baseline -0.002 -22"><span class='ocrx_word' id='word_1_57' title='bbox 467 880 571 946; x_wconf 75' lang='lat' dir='ltr'><strong>Qui</strong></span> <span class='ocrx_word' id='word_1_58' title='bbox 591 891 746 924; x_wconf 85' lang='lat' dir='ltr'><strong>autem</strong></span> <span class='ocrx_word' id='word_1_59' title='bbox 767 893 899 924; x_wconf 81' lang='lat' dir='ltr'><strong>veros</strong></span> <span class='ocrx_word' id='word_1_60' title='bbox 920 876 1223 938; x_wconf 86' lang='lat' dir='ltr'><strong>philosophos</strong></span> <span class='ocrx_word' id='word_1_61' title='bbox 1241 892 1265 921; x_wconf 87' lang='lat' dir='ltr'><strong>a</strong></span> <span class='ocrx_word' id='word_1_62' title='bbox 1287 873 1398 922; x_wconf 60' lang='lat' dir='ltr'><strong>fielis</strong></span> <span class='ocrx_word' id='word_1_63' title='bbox 1416 876 1456 922; x_wconf 72' lang='lat' dir='ltr'><strong>Sc</strong></span> <span class='ocrx_word' id='word_1_64' title='bbox 1473 877 1659 922; x_wconf 81' lang='lat' dir='ltr'><strong>simula-</strong></span> 
     </span>
     <span class='ocr_line' id='line_1_11' title="bbox 399 941 1659 1001; baseline -0.004 -11"><span class='ocrx_word' id='word_1_65' title='bbox 399 945 455 990; x_wconf 83' lang='lat' dir='ltr'><strong>tis</strong></span> <span class='ocrx_word' id='word_1_66' title='bbox 471 945 723 991; x_wconf 85' lang='lat' dir='ltr'><strong>discernere</strong></span> <span class='ocrx_word' id='word_1_67' title='bbox 743 943 1021 997; x_wconf 83' lang='lat' dir='ltr'><strong>decreverit,</strong></span> <span class='ocrx_word' id='word_1_68' title='bbox 1043 943 1316 1001; x_wconf 73' lang='lat' dir='ltr'><strong>exemplum</strong></span> <span class='ocrx_word' id='word_1_69' title='bbox 1335 942 1578 1001; x_wconf 78' lang='lat' dir='ltr'><strong>utriusque</strong></span> <span class='ocrx_word' id='word_1_70' title='bbox 1592 941 1659 986; x_wconf 88' lang='lat' dir='ltr'><strong>rei</strong></span> 
     </span>
     <span class='ocr_line' id='line_1_12' title="bbox 400 1005 1660 1070; baseline -0.005 -15"><span class='ocrx_word' id='word_1_71' title='bbox 400 1007 778 1070; x_wconf 63' lang='lat' dir='ltr'><strong>perseffliffimiim</strong></span> <span class='ocrx_word' id='word_1_72' title='bbox 805 1007 947 1052; x_wconf 86' lang='lat' dir='ltr'><strong>habet</strong></span> <span class='ocrx_word' id='word_1_73' title='bbox 971 1007 1020 1050; x_wconf 88' lang='lat' dir='ltr'><strong>in</strong></span> <span class='ocrx_word' id='word_1_74' title='bbox 1042 1006 1245 1067; x_wconf 79' lang='lat' dir='ltr'><strong>Dialogis</strong></span> <span class='ocrx_word' id='word_1_75' title='bbox 1274 1005 1534 1050; x_wconf 78' lang='lat' dir='ltr'>VITARUM</span> <span class='ocrx_word' id='word_1_76' title='bbox 1560 1018 1660 1050; x_wconf 83' lang='lat' dir='ltr'><strong>AU-</strong></span> 
     </span>
     <span class='ocr_line' id='line_1_13' title="bbox 402 1070 1661 1129; baseline -0.003 -10"><span class='ocrx_word' id='word_1_77' title='bbox 402 1087 526 1119; x_wconf 72' lang='lat' dir='ltr'><strong>crro</strong></span> <span class='ocrx_word' id='word_1_78' title='bbox 546 1108 558 1129; x_wconf 87' lang='lat'>,</span> <span class='ocrx_word' id='word_1_79' title='bbox 576 1073 904 1117; x_wconf 75' lang='lat' dir='ltr'><strong>PJSCATORES</strong></span> <span class='ocrx_word' id='word_1_80' title='bbox 923 1105 935 1125; x_wconf 58' lang='lat'>7</span> <span class='ocrx_word' id='word_1_81' title='bbox 955 1070 1245 1115; x_wconf 74' lang='lat' dir='ltr'><strong>Nmmuus:</strong></span> <span class='ocrx_word' id='word_1_82' title='bbox 1280 1082 1513 1129; x_wconf 82' lang='lat' dir='ltr'><strong>quantum</strong></span> <span class='ocrx_word' id='word_1_83' title='bbox 1534 1070 1661 1115; x_wconf 86' lang='lat' dir='ltr'><strong>enim</strong></span> 
     </span>
     <span class='ocr_line' id='line_1_14' title="bbox 399 1133 1662 1189; baseline -0.006 -2"><span class='ocrx_word' id='word_1_84' title='bbox 399 1139 584 1187; x_wconf 80' lang='lat' dir='ltr'><strong>virtutis</strong></span> <span class='ocrx_word' id='word_1_85' title='bbox 605 1136 797 1182; x_wconf 84' lang='lat' dir='ltr'><strong>comites</strong></span> <span class='ocrx_word' id='word_1_86' title='bbox 816 1135 1033 1180; x_wconf 74' lang='lat' dir='ltr'><strong>laudibus</strong></span> <span class='ocrx_word' id='word_1_87' title='bbox 1054 1134 1224 1179; x_wconf 72' lang='lat' dir='ltr'><strong>extulit</strong></span> <span class='ocrx_word' id='word_1_88' title='bbox 1240 1169 1250 1189; x_wconf 67' lang='lat'><em>7</em></span> <span class='ocrx_word' id='word_1_89' title='bbox 1282 1133 1322 1178; x_wconf 75' lang='lat' dir='ltr'><strong>Sc</strong></span> <span class='ocrx_word' id='word_1_90' title='bbox 1347 1135 1662 1180; x_wconf 79' lang='lat' dir='ltr'><strong>aemulatione</strong></span> 
     </span>
     <span class='ocr_line' id='line_1_15' title="bbox 401 1198 1663 1266; baseline -0.004 -18"><span class='ocrx_word' id='word_1_91' title='bbox 401 1204 665 1266; x_wconf 75' lang='lat' dir='ltr'><strong>persecutus</strong></span> <span class='ocrx_word' id='word_1_92' title='bbox 690 1201 774 1254; x_wconf 63' lang='lat' dir='ltr'><strong>est‚</strong></span> <span class='ocrx_word' id='word_1_93' title='bbox 801 1211 987 1244; x_wconf 87' lang='lat' dir='ltr'><strong>tantum</strong></span> <span class='ocrx_word' id='word_1_94' title='bbox 1006 1198 1211 1258; x_wconf 81' lang='lat' dir='ltr'><strong>pessimas</strong></span> <span class='ocrx_word' id='word_1_95' title='bbox 1241 1199 1337 1243; x_wconf 83' lang='lat' dir='ltr'><strong>illas</strong></span> <span class='ocrx_word' id='word_1_96' title='bbox 1366 1198 1406 1243; x_wconf 70' lang='lat' dir='ltr'><strong>Sc</strong></span> <span class='ocrx_word' id='word_1_97' title='bbox 1425 1198 1663 1244; x_wconf 81' lang='lat' dir='ltr'><strong>exsecran-</strong></span> 
     </span>
     <span class='ocr_line' id='line_1_16' title="bbox 405 1259 1663 1326; baseline -0.004 -13"><span class='ocrx_word' id='word_1_98' title='bbox 405 1269 483 1314; x_wconf 76' lang='lat' dir='ltr'><strong>das</strong></span> <span class='ocrx_word' id='word_1_99' title='bbox 509 1284 610 1311; x_wconf 85' lang='lat' dir='ltr'><strong>aves</strong></span> <span class='ocrx_word' id='word_1_100' title='bbox 630 1267 677 1309; x_wconf 89' lang='lat' dir='ltr'><strong>in</strong></span> <span class='ocrx_word' id='word_1_101' title='bbox 698 1265 763 1309; x_wconf 84' lang='lat' dir='ltr'><strong>his</strong></span> <span class='ocrx_word' id='word_1_102' title='bbox 785 1264 975 1326; x_wconf 76' lang='lat' dir='ltr'><strong>dialogis</strong></span> <span class='ocrx_word' id='word_1_103' title='bbox 997 1259 1240 1307; x_wconf 59' lang='lat' dir='ltr'><strong>insectatus</strong></span> <span class='ocrx_word' id='word_1_104' title='bbox 1262 1263 1323 1308; x_wconf 90' lang='lat' dir='ltr'><strong>est</strong></span> <span class='ocrx_word' id='word_1_105' title='bbox 1337 1297 1350 1319; x_wconf 81' lang='lat'>,</span> <span class='ocrx_word' id='word_1_106' title='bbox 1368 1279 1509 1308; x_wconf 82' lang='lat' dir='ltr'><strong>vanos</strong></span> <span class='ocrx_word' id='word_1_107' title='bbox 1531 1262 1572 1308; x_wconf 69' lang='grc' dir='ltr'><strong>ὃς</strong></span> <span class='ocrx_word' id='word_1_108' title='bbox 1590 1262 1663 1308; x_wconf 69' lang='lat' dir='ltr'><strong>fu&lt;</strong></span> 
     </span>
     <span class='ocr_line' id='line_1_17' title="bbox 404 1325 1663 1387; baseline -0.005 -9"><span class='ocrx_word' id='word_1_109' title='bbox 404 1345 526 1378; x_wconf 78' lang='lat' dir='ltr'><strong>catos</strong></span> <span class='ocrx_word' id='word_1_110' title='bbox 546 1347 622 1376; x_wconf 83' lang='lat' dir='ltr'><strong>eos</strong></span> <span class='ocrx_word' id='word_1_111' title='bbox 638 1329 873 1374; x_wconf 81' lang='lat' dir='ltr'><strong>clamitans</strong></span> <span class='ocrx_word' id='word_1_112' title='bbox 886 1363 897 1382; x_wconf 64' lang='grc'><em>,</em></span> <span class='ocrx_word' id='word_1_113' title='bbox 917 1327 1000 1387; x_wconf 88' lang='lat' dir='ltr'><strong>qui</strong></span> <span class='ocrx_word' id='word_1_114' title='bbox 1020 1326 1126 1371; x_wconf 81' lang='lat' dir='ltr'><strong>falso</strong></span> <span class='ocrx_word' id='word_1_115' title='bbox 1141 1327 1184 1371; x_wconf 85' lang='lat' dir='ltr'><strong>se</strong></span> <span class='ocrx_word' id='word_1_116' title='bbox 1207 1327 1400 1372; x_wconf 90' lang='lat' dir='ltr'><strong>nomine</strong></span> <span class='ocrx_word' id='word_1_117' title='bbox 1416 1325 1663 1384; x_wconf 50' lang='lat' dir='ltr'><strong>uastarent,</strong></span> 
     </span>
     <span class='ocr_line' id='line_1_18' title="bbox 404 1391 1663 1454; baseline -0.003 -13"><span class='ocrx_word' id='word_1_118' title='bbox 404 1414 513 1442; x_wconf 84' lang='lat' dir='ltr'><strong>cum</strong></span> <span class='ocrx_word' id='word_1_119' title='bbox 544 1411 700 1439; x_wconf 69' lang='lat' dir='ltr'><strong>veram</strong></span> <span class='ocrx_word' id='word_1_120' title='bbox 730 1391 1073 1453; x_wconf 72' lang='lat' dir='ltr'><strong>philosophiam</strong></span> <span class='ocrx_word' id='word_1_121' title='bbox 1110 1392 1400 1454; x_wconf 74' lang='lat' dir='ltr'><strong>ignorarent,</strong></span> <span class='ocrx_word' id='word_1_122' title='bbox 1441 1408 1492 1437; x_wconf 88' lang='lat' dir='ltr'><strong>ac</strong></span> <span class='ocrx_word' id='word_1_123' title='bbox 1521 1393 1663 1452; x_wconf 83' lang='lat' dir='ltr'><strong>plane</strong></span> 
     </span>
     <span class='ocr_line' id='line_1_19' title="bbox 406 1456 1724 1515; baseline -0.002 -10"><span class='ocrx_word' id='word_1_124' title='bbox 406 1460 581 1506; x_wconf 75' lang='lat' dir='ltr'><strong>diversa</strong></span> <span class='ocrx_word' id='word_1_125' title='bbox 616 1458 865 1512; x_wconf 83' lang='lat' dir='ltr'><strong>docerent,</strong></span> <span class='ocrx_word' id='word_1_126' title='bbox 896 1457 958 1500; x_wconf 88' lang='lat' dir='ltr'><strong>ob</strong></span> <span class='ocrx_word' id='word_1_127' title='bbox 984 1457 1217 1515; x_wconf 79' lang='lat' dir='ltr'><strong>quaedam</strong></span> <span class='ocrx_word' id='word_1_128' title='bbox 1246 1457 1442 1501; x_wconf 81' lang='lat' dir='ltr'><strong>verbula</strong></span> <span class='ocrx_word' id='word_1_129' title='bbox 1477 1457 1663 1502; x_wconf 77' lang='lat' dir='ltr'><strong>virtutis</strong></span> <span class='ocrx_word' id='word_1_130' title='bbox 1718 1456 1724 1458; x_wconf 44' lang='lat'><em>⁷</em></span> 
     </span>
     <span class='ocr_line' id='line_1_20' title="bbox 403 1520 1663 1570; baseline -0.003 0"><span class='ocrx_word' id='word_1_131' title='bbox 403 1525 600 1570; x_wconf 86' lang='lat' dir='ltr'><strong>nomine</strong></span> <span class='ocrx_word' id='word_1_132' title='bbox 625 1524 804 1567; x_wconf 85' lang='lat' dir='ltr'><strong>intexta</strong></span> <span class='ocrx_word' id='word_1_133' title='bbox 824 1537 924 1565; x_wconf 89' lang='lat' dir='ltr'><strong>non</strong></span> <span class='ocrx_word' id='word_1_134' title='bbox 957 1521 1186 1565; x_wconf 89' lang='lat' dir='ltr'><strong>continuo</strong></span> <span class='ocrx_word' id='word_1_135' title='bbox 1214 1520 1263 1564; x_wconf 92' lang='lat' dir='ltr'><strong>in</strong></span> <span class='ocrx_word' id='word_1_136' title='bbox 1282 1521 1561 1566; x_wconf 77' lang='lat' dir='ltr'><strong>Heliconem</strong></span> <span class='ocrx_word' id='word_1_137' title='bbox 1580 1535 1663 1566; x_wconf 81' lang='lat' dir='ltr'><strong>ve·-</strong></span> 
     </span>
     <span class='ocr_line' id='line_1_21' title="bbox 404 1584 1663 1637; baseline -0.003 -4"><span class='ocrx_word' id='word_1_138' title='bbox 404 1588 536 1637; x_wconf 82' lang='lat' dir='ltr'><strong>niffe;</strong></span> <span class='ocrx_word' id='word_1_139' title='bbox 560 1603 646 1631; x_wconf 87' lang='lat' dir='ltr'><strong>nec</strong></span> <span class='ocrx_word' id='word_1_140' title='bbox 660 1586 810 1630; x_wconf 84' lang='lat' dir='ltr'><strong>solum</strong></span> <span class='ocrx_word' id='word_1_141' title='bbox 832 1584 948 1629; x_wconf 86' lang='lat' dir='ltr'><strong>circa</strong></span> <span class='ocrx_word' id='word_1_142' title='bbox 964 1600 1031 1628; x_wconf 84' lang='lat' dir='ltr'><strong>res</strong></span> <span class='ocrx_word' id='word_1_143' title='bbox 1049 1585 1271 1629; x_wconf 81' lang='lat' dir='ltr'><strong>humanas</strong></span> <span class='ocrx_word' id='word_1_144' title='bbox 1289 1585 1463 1630; x_wconf 81' lang='lat' dir='ltr'><strong>incerta</strong></span> <span class='ocrx_word' id='word_1_145' title='bbox 1479 1602 1530 1631; x_wconf 86' lang='lat' dir='ltr'><strong>ac</strong></span> <span class='ocrx_word' id='word_1_146' title='bbox 1551 1585 1663 1630; x_wconf 87' lang='lat' dir='ltr'><strong>stul-</strong></span> 
     </span>
     <span class='ocr_line' id='line_1_22' title="bbox 404 1648 1663 1707; baseline -0.002 -9"><span class='ocrx_word' id='word_1_147' title='bbox 404 1665 453 1698; x_wconf 85' lang='lat' dir='ltr'><strong>ta</strong></span> <span class='ocrx_word' id='word_1_148' title='bbox 481 1653 668 1707; x_wconf 78' lang='lat' dir='ltr'><strong>docere,</strong></span> <span class='ocrx_word' id='word_1_149' title='bbox 696 1650 776 1695; x_wconf 87' lang='lat' dir='ltr'><strong>sed</strong></span> <span class='ocrx_word' id='word_1_150' title='bbox 799 1648 839 1694; x_wconf 82' lang='lat' dir='ltr'><strong>8c</strong></span> <span class='ocrx_word' id='word_1_151' title='bbox 862 1648 921 1694; x_wconf 91' lang='lat' dir='ltr'><strong>de</strong></span> <span class='ocrx_word' id='word_1_152' title='bbox 947 1648 1130 1694; x_wconf 86' lang='lat' dir='ltr'><strong>mundo</strong></span> <span class='ocrx_word' id='word_1_153' title='bbox 1146 1684 1158 1704; x_wconf 79' lang='grc'>,</span> <span class='ocrx_word' id='word_1_154' title='bbox 1180 1649 1238 1693; x_wconf 91' lang='lat' dir='ltr'><strong>de</strong></span> <span class='ocrx_word' id='word_1_155' title='bbox 1256 1649 1362 1695; x_wconf 93' lang='lat' dir='ltr'><strong>Deo</strong></span> <span class='ocrx_word' id='word_1_156' title='bbox 1377 1683 1389 1705; x_wconf 86' lang='lat'>‚</span> <span class='ocrx_word' id='word_1_157' title='bbox 1424 1651 1484 1695; x_wconf 93' lang='lat' dir='ltr'><strong>de</strong></span> <span class='ocrx_word' id='word_1_158' title='bbox 1507 1649 1663 1695; x_wconf 89' lang='lat' dir='ltr'><strong>fideri-</strong></span> 
     </span>
     <span class='ocr_line' id='line_1_23' title="bbox 403 1712 1666 1776; baseline -0.002 -13"><span class='ocrx_word' id='word_1_159' title='bbox 403 1719 518 1772; x_wconf 80' lang='lat' dir='ltr'><strong>bus,</strong></span> <span class='ocrx_word' id='word_1_160' title='bbox 540 1717 597 1760; x_wconf 88' lang='lat' dir='ltr'><strong>de</strong></span> <span class='ocrx_word' id='word_1_161' title='bbox 616 1714 910 1776; x_wconf 86' lang='lat' dir='ltr'><strong>providentia</strong></span> <span class='ocrx_word' id='word_1_162' title='bbox 928 1713 1085 1758; x_wconf 83' lang='lat' dir='ltr'><strong>divina</strong></span> <span class='ocrx_word' id='word_1_163' title='bbox 1099 1748 1110 1767; x_wconf 83' lang='lat'><strong>‚</strong></span> <span class='ocrx_word' id='word_1_164' title='bbox 1130 1712 1257 1770; x_wconf 83' lang='lat' dir='ltr'><strong>falsa,</strong></span> <span class='ocrx_word' id='word_1_165' title='bbox 1280 1715 1502 1760; x_wconf 89' lang='lat' dir='ltr'><strong>ementita</strong></span> <span class='ocrx_word' id='word_1_166' title='bbox 1519 1714 1560 1760; x_wconf 74' lang='lat' dir='ltr'><strong>Sc</strong></span> <span class='ocrx_word' id='word_1_167' title='bbox 1577 1715 1666 1760; x_wconf 86' lang='lat' dir='ltr'><strong>irn-</strong></span> 
     </span>
     <span class='ocr_line' id='line_1_24' title="bbox 403 1777 1663 1844; baseline -0.001 -18"><span class='ocrx_word' id='word_1_168' title='bbox 403 1783 482 1844; x_wconf 87' lang='lat' dir='ltr'><strong>pia</strong></span> <span class='ocrx_word' id='word_1_169' title='bbox 500 1777 661 1826; x_wconf 63' lang='lat' dir='ltr'><strong>iacslare</strong></span> <span class='ocrx_word' id='word_1_170' title='bbox 677 1813 690 1836; x_wconf 79' lang='lat'>,</span> <span class='ocrx_word' id='word_1_171' title='bbox 712 1795 833 1838; x_wconf 80' lang='lat' dir='ltr'><strong>quae</strong></span> <span class='ocrx_word' id='word_1_172' title='bbox 857 1794 1014 1837; x_wconf 87' lang='lat' dir='ltr'><strong>neque</strong></span> <span class='ocrx_word' id='word_1_173' title='bbox 1040 1778 1246 1823; x_wconf 88' lang='lat' dir='ltr'><strong>viderint</strong></span> <span class='ocrx_word' id='word_1_174' title='bbox 1266 1778 1346 1839; x_wconf 84' lang='lat' dir='ltr'><strong>ipfi</strong></span> <span class='ocrx_word' id='word_1_175' title='bbox 1363 1813 1375 1835; x_wconf 82' lang='lat'>‚</span> <span class='ocrx_word' id='word_1_176' title='bbox 1405 1796 1492 1825; x_wconf 91' lang='lat' dir='ltr'><strong>nec</strong></span> <span class='ocrx_word' id='word_1_177' title='bbox 1511 1781 1663 1824; x_wconf 86' lang='lat' dir='ltr'><strong>aliun-</strong></span> 
     </span>
     <span class='ocr_line' id='line_1_25' title="bbox 408 1843 1664 1910; baseline -0.002 -19"><span class='ocrx_word' id='word_1_178' title='bbox 408 1848 471 1892; x_wconf 89' lang='lat' dir='ltr'><strong>cle</strong></span> <span class='ocrx_word' id='word_1_179' title='bbox 495 1844 814 1907; x_wconf 75' lang='lat' dir='ltr'><strong>cognoverint.</strong></span> <span class='ocrx_word' id='word_1_180' title='bbox 840 1844 975 1910; x_wconf 72' lang='lat' dir='ltr'><strong>Quae</strong></span> <span class='ocrx_word' id='word_1_181' title='bbox 1002 1843 1161 1887; x_wconf 88' lang='lat' dir='ltr'><strong>omnia</strong></span> <span class='ocrx_word' id='word_1_182' title='bbox 1185 1843 1429 1906; x_wconf 78' lang='lat' dir='ltr'><strong>diligenter</strong></span> <span class='ocrx_word' id='word_1_183' title='bbox 1450 1844 1664 1904; x_wconf 78' lang='lat' dir='ltr'><strong>exsequi-</strong></span> 
     </span>
     <span class='ocr_line' id='line_1_26' title="bbox 405 1908 1664 1969; baseline -0.002 -13"><span class='ocrx_word' id='word_1_184' title='bbox 405 1923 484 1956; x_wconf 86' lang='lat' dir='ltr'><strong>tur</strong></span> <span class='ocrx_word' id='word_1_185' title='bbox 516 1910 723 1956; x_wconf 72' lang='lat' dir='ltr'><strong>sublimis</strong></span> <span class='ocrx_word' id='word_1_186' title='bbox 746 1908 822 1951; x_wconf 91' lang='lat' dir='ltr'><strong>ille</strong></span> <span class='ocrx_word' id='word_1_187' title='bbox 851 1909 1298 1953; x_wconf 79' lang='lat' dir='ltr'><strong>lCAROMENIPPUS.</strong></span> <span class='ocrx_word' id='word_1_188' title='bbox 1335 1908 1479 1953; x_wconf 84' lang='lat' dir='ltr'><strong>Veros</strong></span> <span class='ocrx_word' id='word_1_189' title='bbox 1509 1910 1664 1969; x_wconf 75' lang='lat' dir='ltr'><strong>philo-</strong></span> 
     </span>
     <span class='ocr_line' id='line_1_27' title="bbox 403 1971 1665 2036; baseline -0.002 -15"><span class='ocrx_word' id='word_1_190' title='bbox 403 1975 572 2036; x_wconf 80' lang='lat' dir='ltr'><strong>sophos</strong></span> <span class='ocrx_word' id='word_1_191' title='bbox 589 2009 601 2030; x_wconf 82' lang='lat'>,</span> <span class='ocrx_word' id='word_1_192' title='bbox 640 1974 827 2033; x_wconf 86' lang='lat' dir='ltr'><strong>qualem</strong></span> <span class='ocrx_word' id='word_1_193' title='bbox 852 1972 1108 2032; x_wconf 78' lang='lat' dir='ltr'><strong>Nigrinum,</strong></span> <span class='ocrx_word' id='word_1_194' title='bbox 1131 1971 1430 2017; x_wconf 56' lang='lat' dir='ltr'><strong>Demonacflem</strong></span> <span class='ocrx_word' id='word_1_195' title='bbox 1449 1975 1489 2018; x_wconf 66' lang='lat'><strong>8&lt;</strong></span> <span class='ocrx_word' id='word_1_196' title='bbox 1507 1975 1665 2019; x_wconf 85' lang='lat' dir='ltr'>CYNI-</span> 
     </span>
     <span class='ocr_line' id='line_1_28' title="bbox 409 2036 1665 2096; baseline 0 -12"><span class='ocrx_word' id='word_1_197' title='bbox 409 2053 519 2085; x_wconf 84' lang='lat' dir='ltr'><strong>CUM</strong></span> <span class='ocrx_word' id='word_1_198' title='bbox 545 2039 759 2093; x_wconf 70' lang='lat' dir='ltr'><strong>exhibet,</strong></span> <span class='ocrx_word' id='word_1_199' title='bbox 782 2036 1011 2096; x_wconf 84' lang='lat' dir='ltr'><strong>nusquam</strong></span> <span class='ocrx_word' id='word_1_200' title='bbox 1038 2036 1223 2081; x_wconf 86' lang='lat' dir='ltr'><strong>scientia</strong></span> <span class='ocrx_word' id='word_1_201' title='bbox 1241 2037 1484 2095; x_wconf 73' lang='lat' dir='ltr'><strong>tumuisse,</strong></span> <span class='ocrx_word' id='word_1_202' title='bbox 1504 2038 1665 2084; x_wconf 84' lang='lat' dir='ltr'><strong>Socra-</strong></span> 
     </span>
     <span class='ocr_line' id='line_1_29' title="bbox 405 2100 1665 2163; baseline -0.001 -14"><span class='ocrx_word' id='word_1_203' title='bbox 405 2105 462 2150; x_wconf 92' lang='lat' dir='ltr'><strong>tis</strong></span> <span class='ocrx_word' id='word_1_204' title='bbox 489 2105 710 2163; x_wconf 78' lang='lat' dir='ltr'><strong>exemplo</strong></span> <span class='ocrx_word' id='word_1_205' title='bbox 735 2101 778 2146; x_wconf 88' lang='lat' dir='ltr'><strong>se</strong></span> <span class='ocrx_word' id='word_1_206' title='bbox 808 2102 924 2146; x_wconf 87' lang='lat' dir='ltr'><strong>nihil</strong></span> <span class='ocrx_word' id='word_1_207' title='bbox 944 2101 1052 2145; x_wconf 80' lang='lat' dir='ltr'><strong>scire</strong></span> <span class='ocrx_word' id='word_1_208' title='bbox 1075 2100 1313 2161; x_wconf 78' lang='lat' dir='ltr'><strong>professos,</strong></span> <span class='ocrx_word' id='word_1_209' title='bbox 1343 2118 1454 2147; x_wconf 88' lang='lat' dir='ltr'><strong>cum</strong></span> <span class='ocrx_word' id='word_1_210' title='bbox 1475 2104 1665 2163; x_wconf 85' lang='lat' dir='ltr'><strong>imperi-</strong></span> 
     </span>
     <span class='ocr_line' id='line_1_30' title="bbox 402 2165 1664 2230; baseline -0.001 -16"><span class='ocrx_word' id='word_1_211' title='bbox 402 2170 492 2214; x_wconf 86' lang='lat' dir='ltr'><strong>tiae</strong></span> <span class='ocrx_word' id='word_1_212' title='bbox 506 2168 719 2230; x_wconf 78' lang='lat' dir='ltr'><strong>professio</strong></span> <span class='ocrx_word' id='word_1_213' title='bbox 735 2166 915 2211; x_wconf 88' lang='lat' dir='ltr'><strong>summa</strong></span> <span class='ocrx_word' id='word_1_214' title='bbox 941 2166 1193 2225; x_wconf 87' lang='lat' dir='ltr'><strong>prudentia</strong></span> <span class='ocrx_word' id='word_1_215' title='bbox 1218 2166 1284 2210; x_wconf 87' lang='lat' dir='ltr'><strong>fit.</strong></span> <span class='ocrx_word' id='word_1_216' title='bbox 1310 2165 1468 2211; x_wconf 83' lang='lat' dir='ltr'><strong>Simias</strong></span> <span class='ocrx_word' id='word_1_217' title='bbox 1486 2184 1598 2213; x_wconf 81' lang='lat' dir='ltr'><strong>&#39;vero</strong></span> <span class='ocrx_word' id='word_1_218' title='bbox 1623 2167 1664 2213; x_wconf 69' lang='lat' dir='ltr'><strong>Sc</strong></span> 
     </span>
     <span class='ocr_line' id='line_1_31' title="bbox 406 2229 1666 2291; baseline -0.002 -11"><span class='ocrx_word' id='word_1_219' title='bbox 406 2234 576 2280; x_wconf 86' lang='lat' dir='ltr'><strong>mimos</strong></span> <span class='ocrx_word' id='word_1_220' title='bbox 609 2233 712 2278; x_wconf 86' lang='lat' dir='ltr'><strong>suos</strong></span> <span class='ocrx_word' id='word_1_221' title='bbox 744 2231 806 2277; x_wconf 90' lang='lat' dir='ltr'><strong>ob</strong></span> <span class='ocrx_word' id='word_1_222' title='bbox 844 2230 1077 2291; x_wconf 83' lang='lat' dir='ltr'><strong>quaedam</strong></span> <span class='ocrx_word' id='word_1_223' title='bbox 1102 2231 1293 2275; x_wconf 86' lang='lat' dir='ltr'><strong>ventosa</strong></span> <span class='ocrx_word' id='word_1_224' title='bbox 1317 2229 1358 2276; x_wconf 74' lang='lat' dir='ltr'><strong>8c</strong></span> <span class='ocrx_word' id='word_1_225' title='bbox 1378 2232 1571 2279; x_wconf 86' lang='lat' dir='ltr'><strong>obscura</strong></span> <span class='ocrx_word' id='word_1_226' title='bbox 1597 2249 1666 2277; x_wconf 84' lang='lat' dir='ltr'><strong>ar-</strong></span> 
     </span>
    </p>
   </div>
   <div class='ocr_carea' id='block_1_4' title="bbox 405 2294 1737 2363">
    <p class='ocr_par' dir='ltr' id='par_1_4' title="bbox 405 2294 1737 2363">
     <span class='ocr_line' id='line_1_32' title="bbox 405 2294 1737 2363; baseline -0.002 -19"><span class='ocrx_word' id='word_1_227' title='bbox 405 2309 653 2363; x_wconf 80' lang='lat' dir='ltr'><strong>gumenta,</strong></span> <span class='ocrx_word' id='word_1_228' title='bbox 678 2296 719 2342; x_wconf 65' lang='lat'><strong>81:</strong></span> <span class='ocrx_word' id='word_1_229' title='bbox 742 2295 864 2341; x_wconf 80' lang='lat' dir='ltr'><strong>falsas</strong></span> <span class='ocrx_word' id='word_1_230' title='bbox 880 2312 1037 2341; x_wconf 86' lang='lat' dir='ltr'><strong>rerum</strong></span> <span class='ocrx_word' id='word_1_231' title='bbox 1058 2294 1353 2340; x_wconf 84' lang='lat' dir='ltr'><strong>definitiones</strong></span> <span class='ocrx_word' id='word_1_232' title='bbox 1371 2296 1432 2341; x_wconf 89' lang='lat' dir='ltr'><strong>ita</strong></span> <span class='ocrx_word' id='word_1_233' title='bbox 1452 2296 1568 2341; x_wconf 90' lang='lat' dir='ltr'><strong>ferre</strong></span> <span class='ocrx_word' id='word_1_234' title='bbox 1588 2296 1664 2342; x_wconf 86' lang='lat' dir='ltr'><strong>su-</strong></span> <span class='ocrx_word' id='word_1_235' title='bbox 1709 2317 1712 2320; x_wconf 51' lang='lat'><strong>⁴</strong></span> <span class='ocrx_word' id='word_1_236' title='bbox 1736 2314 1737 2355; x_wconf 48' lang='lat' dir='ltr'><strong><em>g</em></strong></span> 
     </span>
    </p>
   </div>
   <div class='ocr_carea' id='block_1_5' title="bbox 404 2360 1662 2491">
    <p class='ocr_par' dir='ltr' id='par_1_5' title="bbox 404 2360 1662 2491">
     <span class='ocr_line' id='line_1_33' title="bbox 404 2360 1662 2426; baseline -0.001 -18"><span class='ocrx_word' id='word_1_237' title='bbox 404 2364 651 2426; x_wconf 86' lang='lat' dir='ltr'><strong>percilium</strong></span> <span class='ocrx_word' id='word_1_238' title='bbox 675 2362 715 2406; x_wconf 73' lang='lat' dir='ltr'><strong>Sc</strong></span> <span class='ocrx_word' id='word_1_239' title='bbox 746 2362 886 2406; x_wconf 87' lang='lat' dir='ltr'><strong>elatos</strong></span> <span class='ocrx_word' id='word_1_240' title='bbox 918 2360 1164 2419; x_wconf 84' lang='lat' dir='ltr'><strong>incedere,</strong></span> <span class='ocrx_word' id='word_1_241' title='bbox 1196 2371 1250 2405; x_wconf 88' lang='lat' dir='ltr'><strong>ut</strong></span> <span class='ocrx_word' id='word_1_242' title='bbox 1278 2361 1359 2406; x_wconf 84' lang='lat' dir='ltr'><strong>vix</strong></span> <span class='ocrx_word' id='word_1_243' title='bbox 1386 2361 1662 2407; x_wconf 82' lang='lat' dir='ltr'><strong>salutatione</strong></span> 
     </span>
     <span class='ocr_line' id='line_1_34' title="bbox 408 2427 1048 2491; baseline -0.006 -18"><span class='ocrx_word' id='word_1_244' title='bbox 408 2444 705 2491; x_wconf 89' lang='lat' dir='ltr'><strong>quemquam</strong></span> <span class='ocrx_word' id='word_1_245' title='bbox 732 2427 1048 2488; x_wconf 79' lang='lat' dir='ltr'><strong>dignarentur.</strong></span> 
     </span>
    </p>
   </div>
   <div class='ocr_carea' id='block_1_6' title="bbox 470 2515 1663 2581">
    <p class='ocr_par' dir='ltr' id='par_1_6' title="bbox 470 2515 1663 2581">
     <span class='ocr_line' id='line_1_35' title="bbox 470 2515 1663 2581; baseline -0.003 -14"><span class='ocrx_word' id='word_1_246' title='bbox 470 2520 617 2571; x_wconf 85' lang='lat' dir='ltr'><strong>Veros</strong></span> <span class='ocrx_word' id='word_1_247' title='bbox 639 2517 940 2581; x_wconf 84' lang='lat' dir='ltr'><strong>philosophos</strong></span> <span class='ocrx_word' id='word_1_248' title='bbox 958 2517 1183 2564; x_wconf 82' lang='lat' dir='ltr'><strong>amicitiae</strong></span> <span class='ocrx_word' id='word_1_249' title='bbox 1200 2515 1469 2579; x_wconf 86' lang='lat' dir='ltr'><strong>symbolum</strong></span> <span class='ocrx_word' id='word_1_250' title='bbox 1486 2516 1663 2566; x_wconf 83' lang='lat' dir='ltr'><strong>summa</strong></span> 
     </span>
    </p>
   </div>
  </div>
 </body>
</html>
