1737 3378
373 231 469 278 Βφ
580 204 1460 255 ANNOTATIONES

367 311 415 340 ut
434 298 602 346 videant,
625 310 718 337 num
735 296 773 336 in
794 296 840 336 iis
865 295 1003 343 etiam,
1022 296 1082 334 uti
1107 296 1147 335 in
1171 297 1447 345 marmoribus,
1467 311 1567 351 quae
1586 299 1650 341 ille

368 353 549 405 inspexit,
565 355 847 390 ΚΟΛΛΎΤΕὙΣ
863 326 1023 402 legatui'.
1040 349 1158 390 Certe
1173 355 1453 391 ΚΟΑΛΎΤΕΥΣ
1475 352 1650 394 scribitur

368 419 408 445 m
424 406 503 445 vita
525 405 692 445 Platonis
714 405 815 458 apud
835 404 957 459 Diog.
977 404 1104 444 Laert.
1127 418 1163 457 p.
1187 418 1240 456 70
1261 404 1314 445 D.
1331 405 1423 445 Vid.
1438 405 1489 445 A.
1510 406 1561 448 G.
1575 406 1652 457 IV,

368 473 464 514 733,
476 459 632 499 &Suid
654 459 813 499 SOLAN.

425 516 498 554 ead.
515 514 539 552 l.
571 527 628 562 14·
654 513 739 552 Καθ’
757 512 852 566 ἱερῶν
871 510 1046 564 τελείων)
1070 510 1189 563 Quae
1204 512 1368 551 Homer.
1383 511 1460 552 Od.
1479 519 1525 553 Δ.
1549 513 1590 554 &
1612 517 1650 555 Ρ.

368 579 585 607 τεληεσσοις
604 566 827 618 ἑκατόμβαις
847 577 978 605 vocat.
998 565 1136 604 BROD
1169 565 1230 605 Sic
1257 566 1479 618 Thucydid.
1504 569 1565 616 V,
1587 582 1654 617 47.

369 621 529 661 SOLAN
547 621 731 660 Formula
752 620 935 673 loquendi
960 620 1061 658 haud
1088 620 1293 672 sanequam
1321 619 1519 673 frequens:
1547 622 1651 661 hunc

369 675 495 715 solum
518 676 696 715 Budaeus
717 675 848 714 locum
869 673 1031 726 protulit
1047 673 1093 713 C.
1114 674 1156 713 L.
1180 673 1281 727 G.p
1287 675 1412 726 .625,
1435 673 1534 714 ubi‘
1520 673 1654 726 εστιᾷν

369 730 424 768 ita
441 729 703 794 construffiim
726 737 926 795 appareat.
953 726 1144 773 usitatius
1166 729 1273 780 quod
1301 727 1437 767 ibidem
1463 728 1654 776 ostendit,

369 783 564 836 καθ”ιερῶν
574 783 723 822 τελείων
738 781 887 832 ὀμόσαι·
902 781 1020 835 paulo
1033 781 1226 821 diversum
1244 784 1351 820 κατὰ
1364 783 1461 828 βοος,
1473 782 1583 822 noe9’‘
1569 798 1654 822 εκοι·

369 838 548 887 τόμβηςσ
533 836 741 888 dictabat,
764 836 810 875 de
827 848 908 888 quo
926 833 1081 874 Kuster.
1104 835 1150 874 ad
1168 834 1363 888 Aristoph.
1382 836 1479 889 Equ.
1495 851 1535 876 v.
1557 837 1649 889 657.

370 890 415 930 In
432 891 595 957 Philops.
622 891 636 940 §
662 904 704 929 21
734 890 905 929 dedimus
926 901 976 928 ex
996 887 1181 928 iententia
1204 888 1392 938 Graevii,
1412 892 1449 928 iw
1466 906 1520 941 μη
1544 893 1652 930 κατὰ.

371 961 495 997 καιρον
517 944 577 994 ἐφ’
597 942 693 996 ἱερῶν
707 943 857 983 τελείων
876 941 1055 992 {cr-tmen,
1075 956 1163 982 cuni
1209 943 1285 982 rius
1299 942 1413 983 esset
1406 957 1444 982 ln
1460 943 1651 998 plerisque

369 999 436 1047 ἀφ’
451 998 550 1051 ἱερων
567 1014 603 1037 τ.
621 997 966 1059 Quemadmodum
981 1008 1110 1036 autem
1122 1012 1172 1035 κα
1195 994 1309 1048 ’ἱερων
1324 998 1486 1045 τελείων,
1501 997 1552 1038 fic
1567 1011 1653 1052 per-

370 1054 458 1092 inde
479 1051 637 1092 solent
624 1052 684 1101 εφ’
706 1050 803 1104 ἱερων
821 1064 911 1090 τελε
914 1067 996 1097 ιων,
1021 1052 1084 1090 ἐστι
1107 1050 1240 1101 τομίων
1269 1050 1418 1100 ὀμόσαι·
1445 1064 1653 1105 utramque

371 1106 586 1147 structurae
610 1105 776 1146 formam
800 1104 881 1145 ad&
866 1103 997 1154 εστιᾷν
1016 1105 1186 1144 traduxit
1204 1105 1421 1150 Lucianus,
1431 1105 1541 1145 haud
1567 1106 1654 1146 satis

370 1161 474 1206 icio
496 1174 545 1200 an
564 1171 716 1214 praeter
737 1158 847 1199 usum
865 1170 972 1199 vetet
977 1172 1056 1198 um
1071 1158 1164 1198 De‘
1155 1174 1182 1197 ι
1169 1157 1255 1211 εροῖς
1277 1163 1435 1198 τελείοις
1456 1160 1654 1200 adeundus

373 1216 428 1255 est
441 1215 627 1254 Dukerus
643 1213 914 1255 cruditiffimus
930 1214 978 1252 ad
996 1226 1086 1253 eum
1104 1213 1346 1264 Thucydidis
1362 1213 1516 1261 locum,
1535 1227 1654 1268 quem

370 1270 558 1309 indicavit
580 1268 754 1309 Sol-anus
771 1269 938 1308 HEMST.
971 1294 973 1296 -

428 1325 507 1362 ibid.
530 1324 570 1362 ‘O
591 1323 831 1376 νεόπλουτος)
847 1322 939 1375 Atq
935 1321 971 1361 1i
985 1333 1079 1361 mox
1094 1332 1251 1374 paterna
1263 1321 1367 1360 bona
1382 1320 1493 1361 fuiffe
1511 1321 1656 1361 indica-

372 1377 429 1418 bit
443 1391 527 1429 cap.
542 1377 578 1417 8.
591 1377 743 1416 Tamen
763 1376 838 1415 sic
831 1389 969 1415 iterum
993 1375 1084 1415 ului
1087 1386 1154 1429 pat
1168 1374 1254 1428 Τοξ
1271 1388 1303 1415 c.
1324 1389 1383 1416 12.
1402 1376 1569 1416 Mortuo
1590 1388 1653 1416 er-

373 1443 428 1484 go
448 1431 574 1471 subito
597 1443 717 1497 patre.
739 1430 898 1470 SOLAN.

433 1487 514 1525 ibid.
537 1484 578 1523 ‘O
596 1487 649 1523 τέι
654 1499 670 1524 ς
688 1484 783 1524 ὅλοις
803 1483 856 1524 ἐκ.
866 1485 883 1537 )
899 1482 1000 1522 Θόων
1012 1483 1246 1523 subauditur.
1261 1482 1404 1523 BROD.

430 1537 1003 1607 Pag.78.l.1.‘ssopn2<21m>u.
1019 1537 1185 1590 Διάσια)
1205 1535 1417 1578 Ἀθήνησιν
1401 1552 1502 1591 εορτη
1523 1542 1655 1579 Μειλι-

373 1593 468 1646 χίου
491 1595 594 1641 Διὸς,
613 1594 727 1643 μηνος
750 1591 850 1632 ἐΑνΘ
834 1590 1049 1644 εστηριῶνος
1072 1591 1265 1643 φθινοντος.
1294 1592 1542 1632 Ἀπολλώνιος
1563 1593 1651 1632 ὃὲ“
1633 1609 1652 1632 ο

372 1647 580 1714 Ἀχαρνεὺς
595 1646 756 1701 simplus
760 1662 770 1686 ι
791 1649 845 1685 τὰ.
869 1648 1039 1693 Διάσια,
1067 1646 1150 1684 ἀπο
1171 1660 1238 1686 της
1253 1659 1320 1684 του
1342 1649 1542 1700 Μειλιχίου
1563 1649 1654 1687 Am

373 1701 497 1755 ἑορτῆς
514 1701 635 1750 ὦνομν.
641 1705 733 1740 σθαι
747 1702 891 1754 λέγων.
909 1701 1011 1740 Vide
1025 1701 1096 1739 hac
1116 1700 1162 1739 de
1180 1713 1222 1739 re
1237 1698 1435 1739 Scholiast.
1454 1700 1654 1754 Aristoph.

374 1758 422 1797 ad
441 1756 545 1796 Nub.
561 1754 651 1795 Sic
638 1770 691 1807 εορ
694 1770 744 1793 w.
750 1755 817 1806 ζειν
836 1757 890 1794 τὰ
909 1754 1081 1795 ἐπινίκια..
1104 1765 1147 1794 ut
1161 1755 1264 1808 apud
1284 1754 1409 1807 Long.
1422 1769 1572 1805 τοιμεν.
1586 1755 1653 1796 lib.

374 1826 399 1850 2
413 1841 426 1857 ,
448 1811 488 1850 &
501 1810 658 1849 Lucian.
671 1810 783 1856 alibi,
802 1809 908 1862 quod
926 1809 1005 1849 aliis
1020 1819 1209 1848 notatum.
1230 1808 1401 1848 BOURD.
1417 1809 1509 1849 Vid.
1528 1809 1655 1850 Scho-

373 1865 467 1904 lium
481 1897 492 1913 ‚
509 1866 548 1904 &
568 1864 617 1904 T.
637 1864 750 1903 Fabri
765 1876 910 1903 notam.
927 1864 1037 1903 Adde
1058 1864 1175 1904 etiam
1188 1862 1411 1914 Thucydid.
1431 1862 1469 1910 1,
1493 1865 1589 1911 126,
1610 1863 1654 1904 δε

375 1919 544 1960 Scholia.
558 1919 736 1957 Meminit
747 1917 887 1957 Noster
899 1917 1008 1968 Ἴως.
1027 1931 1059 1958 c.
1075 1932 1139 1966 24,
1158 1917 1225 1956 ubi
1239 1917 1454 1969 negleRum
1468 1917 1518 1956 ab
1530 1916 1655 1957 Athe-

372 1973 569 2013 nienfibus
585 1973 661 2012 hoc
674 1971 808 2011 festum
825 1972 970 2020 innuit3
988 1972 1049 2018 δι,
1068 1971 1097 2010 si
1109 1971 1239 2011 foetus
1256 1970 1310 2011 est
1328 1972 1534 2024 genuinus,
1548 1970 1655 2011 Cha-

373 2026 445 2066 rid.
460 2041 492 2067 c.
516 2042 548 2066 1
565 2026 724 2066 SOLAN.
741 2026 922 2066 Meminit
938 2026 1053 2065 huius
1070 2025 1189 2066 locil
1206 2025 1399 2066 Meurfius
1411 2025 1550 2066 Graec.
1565 2026 1655 2067 Fer.

373 2081 414 2119 in
434 2082 602 2128 Διάσια,
624 2080 676 2119 sic
698 2091 874 2127 vertens.
894 2080 955 2118 Ille
978 2082 1044 2134 cst
1065 2081 1124 2132 qui
1142 2081 1252 2119 crebro
1271 2095 1334 2119 nos
1350 2095 1412 2134 per
1430 2081 1580 2132 integras
1597 2080 1654 2119 νὶ-

377 2136 461 2174 aim
464 2152 495 2174 zs
515 2151 532 2173 r
532 2136 689 2186 ficiens,
716 2150 826 2174 recens
844 2135 1016 2186 locuples,
1044 2135 1101 2186 qui
1126 2133 1275 2187 integras
1297 2135 1537 2180 hecatombas,
1557 2137 1657 2187 apud

375 2190 628 2243 qzzenzfhlemus
637 2189 809 2243 splendide
822 2189 953 2241 epulari
965 2187 1089 2240 fistum
1104 2186 1326 2228 Iovis:sat1s
1341 2188 1521 2242 quidem
1514 2200 1652 2228 incon·

373 2244 461 2283 dite.
474 2243 632 2282 Fallitur
644 2254 794 2292 autem,
809 2242 967 2295 quando
982 2241 1111 2282 Diafia
1123 2242 1405 2294 Munychionis
1415 2242 1474 2282 die
1486 2243 1653 2283 nono&

374 2298 529 2338 decimo
550 2296 632 2337 aeia
650 2308 778 2350 putat:
801 2296 935 2337 diserte
951 2295 1080 2337 Schol.
1099 2295 1294 2350 Aristoph.
1311 2297 1357 2336 ad
1378 2297 1481 2336 Nub.
1500 2310 1540 2336 v
1555 2310 1653 2347 407,

373 2367 491 2403 μηνος
513 2351 803 2417 Ἀνθεστηριωνος
824 2352 1035 2403 φθίνοντος,
1065 2361 1109 2390 ut
1130 2349 1378 2391 Castellano
1370 2363 1447 2390 1am
1467 2349 1654 2390 observa-

373 2417 470 2445 tum.
491 2405 609 2467 longe
628 2405 698 2445 alia
715 2404 793 2445 est‘
782 2405 929 2445 ιππέων
952 2405 1015 2445 illa
1030 2405 1195 2466 propmh,
1214 2417 1331 2457 quam
1353 2416 1546 2445 memorat
1565 2404 1653 2444 Plu-

376 2460 552 2505 tarchus
545 2473 583 2498 m
601 2460 810 2499 Phocione.
825 2458 1035 2499 Ceterum
1028 2470 1079 2498 ita
1100 2459 1164 2511 loq
1169 2459 1274 2499 uitur
1296 2459 1342 2499 de
1363 2458 1502 2499 Diafiis
1516 2459 1654 2499 Lucia-

375 2526 472 2566 ηιιε,
491 2512 598 2573 quafi
616 2513 793 2556 victimas
815 2527 866 2556 eo
887 2512 983 2555 festo
1007 2513 1097 2557 Iovi
1122 2513 1395 2555 immolaffent.
1415 2512 1493 2557 hoc
1512 2525 1656 2571 negare
