1737 3378
299 244 402 289 IN
475 240 1156 289 HALCYONEM.
1266 255 1357 302 443

93 329 159 370 sua
174 330 243 371 stat
257 329 350 372 fides
363 331 434 372 Or.
451 332 523 372 IV.
542 331 702 371 Luciani
724 329 877 384 quidem
900 328 1057 383 prorsus
1070 341 1150 368 non
1166 327 1261 374 effe,
1277 339 1363 367 tum

93 384 208 424 diciio
230 386 331 425 lenta
351 386 391 425 δι
413 384 593 432 oscitans,
614 398 696 424 tum
716 384 983 424 sententiarum
1005 383 1165 428 levitas,
1186 384 1227 421 &
1249 395 1362 434 argu-

93 449 318 478 mentorum
339 437 480 492 frigus,
508 439 549 478 &
575 439 816 478 delirationes
845 446 1017 489 arguunt
1039 435 1139 475 satis.
1170 436 1362 475 MAchc.

95 491 282 543 Halcyon
295 493 449 545 quidem
465 506 544 532 non
556 491 609 532 est
622 492 780 531 Luciani
798 503 847 529 ex
862 491 979 529 animi
999 489 1182 528 sententia
1200 489 1363 542 loquen-

94 544 166 591 tis,
188 546 330 598 quippe
346 547 545 598 Epicurei,
562 545 602 585 &
614 545 716 584 forte
727 558 774 583 ex
786 543 989 583 deterrimo
1005 543 1284 596 Epicureorum
1298 556 1362 595 ge-

95 610 210 644 nere,
229 600 296 650 qui
320 600 442 639 malos
465 612 594 639 mores
614 611 704 638 cum
728 610 849 651 prava
865 596 1039 636 docirina
1055 598 1362 648 coniungeham-:

93 650 156 690 sed
170 651 291 705 poffet
303 652 377 693 effe
399 654 555 693 Luciani
569 652 685 690 animi
705 649 819 690 causa
837 650 1077 690 Platonicum
1096 652 1253 702 agentis.
1268 649 1364 689 Pro-

93 703 200 744 feuo
213 705 309 746 haec
323 707 474 759 elegans
487 707 540 746 est
552 705 719 745 Platonis
735 705 915 751 imitatio,
934 703 995 743 sed
1010 704 1048 742 in
1062 717 1138 756 qua
1153 703 1227 743 hoc
1240 715 1363 742 unum

94 759 234 799 merito
249 773 388 813 arguas
403 759 613 807 futilitatis,
631 759 736 812 quod
752 758 849 798 serio
868 768 1042 797 narretur
1058 756 1286 810 putidiffima
1309 756 1365 795 fa-

93 811 206 858 bula,
226 815 338 866 eique
350 824 520 866 aptetur,
537 813 722 866 quidquid
737 813 774 850 in
795 826 836 851 re
850 812 959 864 gravi
978 811 1018 850 &
1034 821 1231 864 comperta
1245 811 1290 849 de
1309 811 1364 848 di·-

92 867 189 905 vina
203 867 374 920 potentia
387 867 458 907 dici
474 866 666 926 potuisset.
682 867 753 906 Sed
768 864 795 903 sl
810 866 999 905 diciorum
1013 866 1179 917 ineptam
1192 862 1366 904 occasio-

96 931 186 959 nem
203 920 399 967 demseris,
416 922 454 960 δι
469 921 672 960 iententias
686 921 732 959 de
743 920 870 958 divina
885 919 1054 972 potentia
1068 918 1297 971 speciaveris
1310 917 1363 957 se-

95 972 229 1019 orsim,
250 973 432 1020 fatebere,
451 975 517 1014 vix
532 975 738 1027 quidquam
755 975 799 1012 de
816 986 859 1012 ea
875 973 1008 1012 melius
1028 971 1230 1025 poffedici.
1246 970 1365 1011 Cete-

94 1039 183 1066 rum
202 1028 250 1067 de
269 1028 486 1079 Halcyonis
503 1028 630 1067 fabula
646 1028 736 1068 vide
753 1027 879 1079 Steph.
897 1026 1040 1066 Clerici
1056 1026 1178 1064 Acad.
1198 1025 1359 1078 Quaest.

94 1080 149 1120 V.
165 1079 290 1121 CLER.
306 1082 555 1133 Halcyonem
570 1081 764 1134 dialogum
778 1080 934 1120 fuerunt
951 1080 1042 1119 olim
1055 1081 1122 1132 qui
1135 1079 1285 1119 Platoni
1300 1079 1366 1118 tri>-

95 1133 259 1174 buerent
267 1149 279 1183 3
299 1134 359 1174 sed
375 1137 471 1175 inter
487 1145 619 1188 aperte
633 1135 776 1174 nothos
789 1144 963 1174 numerat
974 1133 1176 1186 Diogenes
1189 1133 1365 1172 Laertius

95 1187 255 1228 Platone
267 1203 303 1242 p.
318 1188 369 1237 84
378 1189 426 1229 C.
439 1190 555 1229 Hunc
567 1200 696 1229 autern
709 1187 830 1242 ipsum
845 1187 1057 1240 Dialogum
1071 1200 1118 1226 ex
1131 1187 1265 1227 Galaei
1277 1185 1365 1226 Col-

95 1240 276 1282 le&aneis
289 1242 447 1296 aliisque
461 1242 546 1282 satis
563 1242 730 1289 constat,
748 1255 839 1281 eum
852 1240 945 1289 effe,
959 1241 1030 1294 qui
1050 1239 1201 1279 Platoni
1218 1240 1365 1279 tribue-

95 1294 228 1343 batur3
246 1309 334 1336 cum
353 1297 405 1335 ibi
421 1297 520 1336 inter
543 1297 624 1336 eius
646 1309 786 1350 opera,
805 1295 983 1348 quamvis
1001 1304 1181 1341 notatus,
1198 1294 1365 1347 reperia-

94 1358 170 1387 tur.
186 1350 307 1389 Leoni
318 1351 467 1390 cuidam
482 1350 736 1390 aPhavorino
749 1348 992 1402 philosopho,
1006 1347 1101 1387 teste
1115 1348 1250 1387 eodem
1265 1347 1364 1386 Dio-

94 1414 207 1454 gene,
226 1404 485 1452 tribuebatur3
504 1404 605 1444 unde
619 1403 704 1443 fatis
716 1403 851 1456 liquet,
862 1416 942 1442 non
957 1401 1061 1456 poffe
1077 1401 1287 1441 Lucianum
1300 1401 1365 1440 ha—

93 1455 187 1496 bere
199 1457 397 1497 auc'iorem
407 1488 421 1505 ,
439 1458 505 1511 qui
520 1459 673 1498 Laertio
686 1470 857 1498 coaevus
868 1488 879 1505 ,
894 1456 1116 1496 Phavorino
1131 1456 1256 1494 iunior
1278 1454 1363 1494 fuit.

94 1509 195 1549 Eum
210 1511 380 1551 Leonem
403 1512 678 1555 Academicum
699 1522 818 1551 vocat
833 1511 961 1550 Nicias
981 1508 1295 1564 Nicaenfisjapud
1309 1510 1365 1548 A·

93 1564 301 1604 thenaeum
317 1566 384 1605 XI.
400 1566 576 1606 Muretus
591 1567 707 1605 etiam
720 1565 791 1605 Or.
806 1566 880 1613 IV,
901 1566 942 1604 &
953 1564 1054 1604 Tan.
1067 1564 1189 1602 Faber
1201 1565 1239 1602 in
1252 1564 1365 1602 Notis

94 1618 144 1655 ad
158 1617 317 1658 Phaedri
331 1618 405 1658 fab.
419 1634 456 1672 p.
475 1634 545 1673 ¹73
562 1619 607 1658 C.
625 1620 671 1658 Et
691 1619 777 1658 sane
790 1617 934 1658 etiamsi
948 1618 1043 1657 haec
1055 1616 1268 1656 testimonia
1284 1630 1365 1656 non

94 1669 363 1725 suppeterent,
381 1674 446 1713 vix
463 1673 638 1714 credibile
661 1672 728 1722 fit,
750 1673 963 1712 Lucianum
982 1672 1027 1710 de
1051 1670 1234 1710 Deorum
1255 1671 1296 1710 vi
1321 1671 1363 1710 δι

95 1727 269 1776 potentia
289 1738 368 1766 tam
388 1726 490 1766 recle
510 1726 655 1766 sensisse
677 1728 719 1767 &
739 1736 817 1765 tam
841 1724 1041 1779 magnifice
1061 1725 1363 1764 locutum.Vide

93 1779 275 1820 Biblioth.
289 1780 438 1821 Caesar.
449 1781 548 1830 VII,
563 1795 599 1834 p.
618 1795 649 1834 3.
665 1780 816 1820 Platoni
830 1792 956 1820 autem
973 1779 1129 1818 minime
1140 1779 1335 1818 tribuerim
1351 1810 1362 1824 ,

96 1842 183 1872 turn
196 1835 286 1887 quia
302 1846 452 1875 veteres
470 1835 682 1875 reiecerunt
693 1866 705 1883 ,
722 1846 804 1874 tum
826 1835 878 1873 ob
897 1847 944 1873 ea
965 1833 1191 1886 praecipue,
1205 1846 1304 1887 quae
1317 1833 1363 1872 de

96 1886 247 1927 duabus
264 1888 434 1928 Socratis
446 1889 635 1928 uxoribus
647 1889 686 1926 in
700 1887 777 1927 fine
791 1888 981 1941 leguntur.
997 1887 1157 1926 SOLAN.

150 1943 225 1980 ead.
241 1943 264 1987 l.
277 1956 313 1993 7.
330 1939 504 1996 Ἄφωνει)
520 1941 683 1983 Causam
699 1941 810 1982 affert
832 1941 1080 1986 Aristoteles,
1099 1940 1205 1992 quod
1220 1941 1275 1979 his
1299 1954 1363 1980 ne-

95 2007 178 2047 que
188 1995 324 2048 pulmo
336 1995 382 2035 sit
392 2027 404 2045 ‚
425 2009 552 2049 neque
562 1997 697 2035 arteria
706 2026 719 2045 ‚
737 2008 862 2048 neque
881 2005 1024 2048 guttur.
1039 1995 1178 2033 Horat.
1195 1995 1234 2033 in
1247 1994 1361 2034 Odis:

99 2051 136 2088 Ο
147 2050 249 2088 mucis
260 2065 388 2103 quoque
397 2051 547 2103 piscibus
561 2053 750 2089 Donatum
763 2050 880 2103 cygni,
887 2051 925 2101 fi
935 2050 1047 2097 libeat,
1054 2047 1191 2100 fimum.
1204 2048 1362 2088 Lucian.

95 2102 138 2142 in
153 2102 295 2144 Gallo:
318 2104 418 2143 πολὺ
441 2104 664 2155 ἀφωνότερος
687 2102 822 2162 ἔσομαι
836 2102 908 2143 τῶν
931 2102 1081 2157 ἰχθύων·
1103 2101 1191 2142 adv.
1209 2102 1358 2142 Indo&

93 2154 245 2209 μᾶλλον
258 2156 329 2197 τῶν
343 2157 479 2210 ἰχθύων
491 2158 714 2209 ἀφωνότερος
729 2161 772 2197 εἰ.
785 2156 932 2196 COGN.

151 2210 187 2248 in
206 2211 321 2250 Schol.
332 2214 396 2250 col.
416 2226 447 2250 1.
467 2213 488 2250 l.
505 2226 540 2250 2.
553 2212 754 2258 Ποικίλην)
772 2210 874 2263 Lege
888 2209 1049 2249 ποικίλη.
1061 2209 1169 2249 Haec
1181 2221 1229 2249 ex
1245 2209 1361 2248 variis

97 2263 319 2304 aii&oribus
330 2265 485 2305 collata:
498 2265 584 2305 vide
595 2264 788 2304 Aristotel.
804 2263 885 2315 περὶ
903 2268 939 2302 Ζ.
954 2269 980 2303 1.
995 2263 1064 2311 IX,
1075 2275 1108 2302 c.
1126 2276 1184 2311 14.
1196 2263 1362 2302 HEMST.

151 2318 232 2356 ibid.
245 2319 269 2358 l.
289 2331 346 2358 ιο.
359 2318 574 2371 Πηγνὺσει)
591 2316 774 2371 Πίνγνυσι.
794 2318 918 2357 Modo
932 2330 1002 2368 pro
1025 2317 1066 2355 ἐκ.
1085 2316 1215 2361 βλένης
1233 2316 1361 2369 legen-

95 2371 190 2465 ἕλκῃ
214 2371 268 2411 est
290 2371 332 2412 ἐκ
362 2373 513 2418 βελόνης
525 2403 537 2422 ,
563 2372 889 2426 quemadmodum
915 2384 963 2411 ex
991 2369 1197 2410 Aristotele
1228 2370 1360 2423 liquet.

141 2435 264 2464 EMST.
502 2457 506 2464 .

93 2531 119 2573 8
151 2479 230 2576 iSbid.
244 2480 266 2519 l.
286 2480 410 2533 19.'Ev
424 2479 586 2536 χειμῶνι
598 2479 692 2534 &c.)
707 2479 799 2523 Vid.
818 2478 978 2521 Aristot.
1000 2478 1095 2522 Hist.
1114 2478 1245 2519 Anim.
1255 2478 1309 2528 V,
1325 2490 1358 2518 c.

122 2562 130 2572 .
180 2543 312 2576 OLAN‚
