1737 3378
442 255 606 293 mxu
656 287 658 290 ,
754 237 861 284 DE
906 209 1234 293 AETATE,
1274 236 1460 283 VITA

444 352 623 413 Baylius
636 348 697 390 ita
715 345 906 391 iudicat:
924 345 1034 390 Ecce
1050 345 1246 406 quomodo
1258 346 1375 390 homo
1391 346 1547 406 derisor
1558 348 1698 392 omnia

440 438 455 459 ‹
471 429 612 476 arpere
635 412 759 455 novit.
786 411 835 454 Si
845 410 1102 470 Peregrinus
1120 410 1214 470 ssas
1227 410 1487 473 plu'lofhplzos
1500 412 1627 455 Indos
1644 410 1699 470 ql:

426 481 501 538 sec
519 479 733 521 imitatus,
754 475 972 518 Luciamcs
990 491 1081 518 eum
1098 474 1323 534 accusaſj'et
1341 476 1520 518 inertiae
1533 510 1546 522 ‚
1572 491 1621 519 ac
1640 473 1698 518 di-

440 542 592 602 ,xffzz
624 539 787 599 pacilci
805 554 913 582 cum
934 549 1086 582 morte
1105 538 1312 596 quaerit,
1337 555 1388 583 ac
1407 538 1569 582 sensim
1593 540 1697 583 sen-

440 606 623 664 fimque
662 606 704 647 ie
738 604 1007 647 confirmare
1039 602 1218 646 studet:
1254 604 1358 662 plus
1390 603 1517 647 enim
1551 602 1697 647 animi

440 669 705 714 ostenderet
719 701 731 722 ,
758 666 839 711 ubi
859 668 900 710 se
922 682 1018 710 uuo
1036 665 1151 710 saltu
1176 664 1222 710 in
1238 683 1408 729 rogum
1429 667 1694 716 coniiceret..

507 733 570 777 At
595 732 779 786 iustius,
810 730 1043 793 ingeniose
1072 729 1228 791 Bayli,
1262 730 1410 775 forsan
1447 731 1695 786 obiiceres,

439 797 578 858 quod
609 795 814 841 eundem
843 795 996 839 iubito
1026 795 1074 838 in
1104 794 1260 855 ignem
1280 795 1509 840 insiliendi
1537 792 1693 840 adium

436 862 626 916 laudet,
655 876 704 905 ac
728 859 930 922 generosi
955 859 1095 902 animi
1119 858 1204 903 effe
1230 859 1464 918 praedicet
1482 876 1558 922 pro
1576 860 1694 904 Mer-

436 927 525 971 ced.
548 925 675 970 Concl.
704 925 728 983 ᾗ
757 941 780 979 4
803 957 814 978 ,
841 924 933 966 ἑκὼν
963 925 1002 964 δὲ
1032 924 1149 976 μάλα
1175 924 1363 976 εὐψύχως
1391 925 1429 970 ἐς
1453 926 1499 967 τὸ
1521 929 1590 977 πῦρ
1617 926 1698 967 άλ-

437 994 609 1044 λόμενος.
647 987 738 1033 Sed
768 987 808 1031 Sc
840 987 950 1030 haec
984 986 1185 1042 ironice,
1220 986 1261 1030 Sc
1287 987 1470 1032 alterius
1498 988 1694 1034 nomine

437 1071 552 1098 cum
571 1053 692 1097 dicat
708 1086 720 1107 ,
737 1051 850 1096 mihi
868 1066 966 1095 non
980 1050 1197 1095 videntur
1212 1051 1449 1094 contraria.
1471 1051 1693 1112 Cumque

436 1119 480 1162 ἃ
503 1118 845 1162 Brachmanum
873 1115 1158 1159 dementiam
1174 1148 1187 1170 ,
1217 1114 1257 1158 &⁵
1279 1115 1511 1177 Peregrini
1542 1132 1693 1176 aeque

435 1182 584 1227 1·ideat
601 1216 613 1236 ,
642 1181 839 1226 omnino
858 1180 988 1224 licuit
1008 1179 1050 1223 ei
1077 1179 1227 1224 dicere
1244 1212 1257 1234 ,
1285 1179 1587 1224 Brachmanes
1607 1179 1693 1226 effe

434 1247 671 1291 fortiores:
692 1245 724 1289 fi
750 1257 907 1290 tamen
933 1260 981 1288 ea
1007 1259 1137 1288 mens
1161 1243 1221 1287 est
1242 1243 1386 1304 Baylii
1403 1278 1415 1299 ,
1442 1244 1694 1304 oportuiffe

435 1311 704 1356 Lucianum
727 1310 776 1353 in
806 1309 1039 1371 Peregrini
1062 1304 1180 1352 fado
1206 1308 1520 1368 improbando
1550 1309 1695 1353 subfi-

434 1376 549 1420 stere
585 1376 705 1419 intra
737 1389 880 1418 vanae
917 1373 1085 1434 gloriae
1118 1373 1556 1432 exprobrationem,
1591 1389 1693 1418 non

435 1456 548 1483 vero
567 1450 819 1483 extenuare
843 1437 1049 1481 eiuldem
1077 1437 1316 1481 audaciam
1339 1448 1422 1481 aut
1451 1437 1691 1482 fortitudi-

434 1520 574 1558 nem,
599 1514 760 1547 contra
784 1501 1050 1556 veritatem,
1075 1497 1195 1545 reste
1219 1501 1452 1546 iudicavit.

515 1568 575 1612 D.
599 1568 1006 1611 TILLEMONTxus
1037 1565 1086 1609 in
1117 1565 1231 1608 Hist.
1256 1565 1602 1625 Imperatorum
1630 1566 1690 1611 T.

432 1633 482 1677 11
499 1666 511 1688 ,
536 1642 650 1691 part.
677 1645 698 1675 Q
714 1665 727 1685 ,
759 1641 839 1674 art.
874 1644 954 1688 29,
976 1647 1020 1688 p.
1061 1642 1142 1682 707
1164 1656 1206 1661 —-
1227 1644 1295 1673 10.
1320 1630 1452 1675 cuius
1470 1631 1611 1676 verba
1631 1631 1690 1676 fic

434 1695 568 1741 {ferto
589 1714 596 1738 :
634 1695 788 1739 Celsus
818 1694 1122 1754 philoiophus
1142 1693 1394 1753 Epicureus
1411 1728 1424 1750 .,
1455 1695 1572 1754 (qui
1605 1695 1690 1741 Ec-

434 1761 617 1806 clefiam
639 1758 812 1818 scriptis
833 1774 1105 1820 oppugnare
1120 1756 1340 1820 aggressus
1359 1759 1447 1819 est)
1472 1770 1688 1819 tempore

435 1824 694 1870 Commodi
718 1822 871 1867 adhuc
895 1823 1108 1877 vivebat,
1133 1838 1283 1881 aeque
1307 1837 1356 1866 ac
1381 1822 1657 1868 LUCIANUS
1673 1857 1688 1880 ‚

433 1890 520 1950 qui
543 1889 600 1932 ad
622 1905 733 1933 eum
750 1887 853 1947 post
870 1887 1042 1932 Aurelii
1064 1886 1296 1932 excess‘um
1310 1886 1431 1931 misit
1452 1887 1687 1933 historiam

430 1953 687 2001 Alexandri
708 1952 966 2012 impostoris
980 1986 992 2004 ,
1019 1968 1163 2010 quarn
1189 1951 1284 1995 eius
1307 1963 1472 2012 rogatu
1493 1953 1688 1997 conscri-

430 2020 593 2079 pserat.
619 2017 736 2077 (vid.
758 2017 887 2061 Alex.
911 2018 936 2059 12
961 2015 1289 2060 Pseudomant.
1314 2017 1338 2075 ᾗ
1364 2031 1380 2060 1
1406 2015 1446 2060 3<
1470 2017 1573 2077 48.)
1604 2017 1690 2062 Ille

432 2083 708 2129 LUCIANUS
739 2080 778 2126 Sc
810 2081 951 2125 hodie
982 2081 1249 2140 perceleber
1279 2082 1341 2124 est
1369 2081 1541 2140 icriptis
1571 2080 1687 2137 suis,

433 2164 557 2207 quae
589 2148 651 2192 ob
685 2148 870 2209 linguae
902 2146 1101 2190 Graecae
1137 2145 1390 2205 puritatem
1434 2145 1689 2204 stilumque

431 2213 640 2274 politum
657 2246 670 2267 ,
694 2210 959 2256 iucundum
974 2244 985 2265 ,
1017 2209 1232 2254 vividum
1247 2244 1259 2265 ,
1280 2210 1320 2253 Sc
1335 2210 1558 2254 acuminis
1584 2210 1688 2269 ple-

429 2293 550 2322 num
565 2311 578 2332 ,
597 2292 763 2338 magna
782 2291 891 2320 cum
907 2276 1150 2334 voluptate
1169 2276 1401 2336 leguntur.
1421 2273 1514 2319 Sed
1530 2275 1686 2334 palam

430 2342 679 2402 profitetur
697 2341 987 2400 impietatem
1004 2373 1016 2394 ,
1049 2355 1200 2398 aeque
1223 2339 1502 2383 subsannans
1527 2354 1687 2383 veram

429 2407 705 2468 religionem
721 2439 734 2460 ,
764 2405 822 2448 de
844 2421 939 2463 qua
959 2403 1140 2447 diversis
1163 2403 1212 2447 in
1234 2404 1345 2447 locis
1366 2403 1605 2462 loquitur,
1632 2418 1687 2447 ac

429 2470 769 2530 inperstitiones
785 2469 1093 2513 Ethnicorum
1111 2502 1123 2522 ,
1142 2484 1252 2527 quas
1269 2484 1376 2512 vere
1394 2467 1607 2512 ridiculas
1625 2466 1689 2511 es-
1736 2466 1737 2486 ³

428 2537 473 2579 ie
494 2534 786 2581 demonstrat.
808 2533 924 2578 lnde
941 2548 1208 2595 cognomen
1224 2533 1481 2593 blasphemi
1498 2530 1690 2576 &Athei
