1737 3378
1715 0 1737 103 i

1719 111 1737 141 θ’

417 238 511 280 ΖΜ
619 211 1483 262 ANNOTATIONES

409 310 555 348 -liorum
572 303 664 343 usus
678 302 803 342 iubet:
826 302 1004 354 Xenoph.
1018 301 1174 355 Cyrop.
1196 301 1236 350 1,
1254 316 1292 355 p.
1319 315 1387 352 ις,
1407 303 1616 345 κάλλιστον
1631 304 1680 346 3⁸8
1719 291 1737 341 ί7ι

414 361 563 399 πάντων
587 357 650 394 καὶ
665 356 976 406 πολεμικώτατον
997 354 1128 405 κτιῖμοι
1156 356 1206 395 εἰς
1227 358 1301 395 τὰς
1321 356 1467 409 ψυχὰς
1489 361 1680 412 συγκεκό·
1725 364 1735 373 ‘

413 415 539 463 μισὲιε.
567 411 730 450 Hfflsr.

468 466 543 503 ead.
564 465 587 501 l.
612 478 646 516 3.
675 459 806 514 Αὖτῷ)
827 462 1046 514 Legendum
1069 474 1158 501 cum
1183 462 1412 515 interprete,
1433 459 1570 503 αὗτῶν·
1591 465 1682 504 nihil

415 534 502 573 opus
518 520 560 572 efl
573 518 654 556 illis.
680 516 804 556 CLER.
825 516 953 568 Edjtio
973 515 1086 555 Salm.
1108 516 1147 555 ἅ·
1167 527 1214 554 ex
1237 528 1283 554 ea
1303 515 1681 559 Amstelaedamenfis

416 571 569 626 pessime
588 570 708 618 dedit,
724 567 827 609 οἰδὲν
845 571 901 607 οὑν
917 565 1021 614 αὐτῷ
1041 568 1096 608 ἔτι
1119 584 1172 608 σοι
1188 568 1254 608 δεῖ
1269 573 1358 619 πρὶς
1378 570 1455 619 ἐμέ·
1472 571 1539 609 ubi
1554 570 1680 612 sensus
1719 567 1737 610 ’,

416 626 458 666 &
471 626 568 665 ratio
583 624 765 677 loquendi
781 622 945 675 postulet
963 618 1098 669 αὐτῶν,
1117 635 1186 662 nec
1207 623 1313 662 aliter
1330 623 1498 662 dederint
1514 625 1683 665 editores
1735 620 1737 651 ¹

417 692 553 720 omnes
566 679 722 731 priores.
740 676 849 715 IENs.

472 736 544 772 ead.
560 734 584 770 l.
601 745 632 782 5.
650 730 859 782 Διαμέλῃς)
876 729 1034 781 Interpf.
1040 731 1077 779 fi
1083 729 1251 780 prolixior
1258 728 1380 781 fiteris.
1402 729 1503 782 Lege
1520 729 1684 781 διαμέλ-

419 798 497 835 λῃς,
529 803 540 824 ι
561 789 733 824 cunctatus
746 783 867 836 fheris.
890 781 1013 821 Cum.
1033 783 1138 821 Ante
1160 783 1362 832 διαμὲλῃς,
1381 784 1481 823 vitio
1504 785 1543 823 in
1565 797 1683 826 vetu-

420 841 484 880 stis
506 838 723 892 praesertim
752 837 833 875 edd.
863 834 1041 874 solemni:
1069 836 1286 875 iamdudum
1311 838 1386 876 hoc
1412 837 1458 877 de
1480 837 1570 877 loco
1595 851 1683 878 mo-

420 895 504 933 nuit
523 892 793 944 Iungermann.
820 889 866 928 ad
888 890 1010 941 Long.
1032 903 1067 942 p.
1091 903 1181 938 227,
1207 889 1247 928 ἃ
1271 892 1309 928 in
1333 903 1374 930 re
1399 901 1491 930 nota
1512 891 1684 943 pluribus

420 947 606 998 exemplis
619 976 631 992 ‚
652 944 679 983 si
699 945 786 996 quis
805 942 1010 988 desideret,
1033 943 1088 981 uti
1111 955 1190 981 non
1214 942 1266 981 est
1285 954 1476 996 gravatus.
1496 945 1685 986 Artemid-

421 999 544 1041 Praef.
565 1014 602 1052 p.
627 1013 671 1044 2,
690 996 950 1047 προετρέψατὸ
972 1011 1023 1045 με
1045 995 1098 1045 μὴ
1125 995 1366 1045 διαμέλλειν,
1390 996 1492 1048 pense
1512 998 1685 1044 ἀναβάλ-
1725 1028 1727 1031 -

422 1058 575 1094 λεσῖποιι.
597 1051 767 1091 Restitue
784 1048 987 1101 Hesychio
1002 1049 1040 1087 in
1058 1051 1300 1101 Κατουρίσοις,
1314 1051 1378 1089 καὶ
1393 1051 1446 1099 μὴ
1467 1050 1686 1101 sinuami-

423 1122 509 1149 σας.
525 1107 573 1145 Α.
592 1107 792 1146 Schottum
808 1103 940 1142 fefellit
960 1103 999 1141 in
1018 1103 1177 1142 Zenobii
1197 1102 1242 1142 C.
1261 1102 1289 1142 Ι.
1305 1116 1340 1142 n.
1362 1103 1431 1150 18,
1452 1104 1574 1154 ἑμέλει
1595 1104 1687 1146 scri·

424 1173 532 1216 ptum
548 1173 620 1213 pro
636 1159 786 1209 ἔμελλε.
802 1157 968 1209 Bergler.
984 1156 1029 1195 ad
1044 1156 1218 1208 Alciphr.
1236 1170 1271 1210 p.
1292 1157 1376 1196 181.
1394 1158 1557 1197 HEMST.

478 1216 557 1254 ibid.
575 1215 687 1266 Παρὰ
700 1215 761 1250 τὀν
778 1210 937 1263 ἀγῶνα)
960 1209 1107 1249 Alludit
1124 1211 1170 1248 ad
1190 1211 1395 1250 certamina
1417 1210 1565 1251 scenica
1585 1210 1689 1252 Dios

423 1268 626 1320 nyfiorum
641 1297 653 1312 ‚
675 1267 712 1304 in
731 1265 896 1318 quibus,
923 1264 1059 1302 auditis
1081 1264 1197 1302 variis
1222 1262 1358 1304 fabulis
1373 1294 1383 1309 ,
1411 1265 1687 1318 Agonothetae

425 1323 491 1362 uni
508 1321 718 1375 praemium
735 1319 887 1357 dabant.
902 1317 989 1356 vid.
1007 1318 1055 1355 A.
1070 1317 1184 1357 Genii
1197 1317 1245 1356 N.
1258 1319 1307 1356 A.
1321 1317 1458 1364 XVII,
1477 1333 1513 1367 4.
1533 1318 1659 1359 CLER.

480 1378 554 1414 ead.
572 1375 594 1412 I.
616 1388 651 1426 9.
666 1371 777 1412 Ῥιῖσίν
791 1372 903 1417 τινα)
920 1370 1079 1410 Sensum
1096 1371 1188 1410 vidit
1206 1371 1417 1422 Micyllus,
1435 1372 1520 1424 iusta
1539 1375 1688 1426 quadam

425 1428 461 1466 6·
480 1428 639 1468 continua
658 1427 828 1470 oratione,
845 1437 1043 1477 perperam
1063 1424 1214 1463 relifflus
1233 1437 1255 1463 a
1273 1425 1499 1466 BenediElo:
1518 1424 1579 1466 sed
1595 1439 1688 1479 ego,

424 1482 628 1534 quomodo
644 1478 870 1532 respondeat
889 1479 935 1516 ad
956 1478 1052 1518 hanc
1074 1490 1239 1517 mentem
1255 1492 1360 1526 τινα,
1379 1480 1605 1532 neutiquam
1627 1481 1689 1520 vi-

426 1537 521 1584 deo·‚
545 1547 619 1588 pro
641 1547 746 1586 quo,
769 1532 797 1572 si
819 1544 946 1570 meum
970 1530 1016 1569 fit
1047 1531 1268 1579 arbitrium,
1296 1532 1420 1585 legam
1448 1531 1548 1585 ῥῆσιν
1572 1535 1691 1584 (aiau

429 1605 534 1629 unam
552 1590 586 1628 δ’
599 1599 794 1641 perpetuam
806 1586 1006 1625 orationem.-
1026 1586 1166 1638 pariter
1184 1598 1227 1625 ac
1246 1585 1430 1638 Thucyd.
1441 1587 1496 1635 V,
1508 1585 1573 1639 85,
1587 1587 1689 1629 ὅπως

425 1643 473 1683 δὲ
493 1642 546 1693 μὴ
567 1641 725 1695 ξυνεχεῖ
742 1637 841 1694 ῥήσει
859 1639 933 1679 &c.
956 1638 1067 1679 cuius
1090 1639 1177 1679 vice
1198 1652 1290 1679 mox
1313 1638 1486 1692 sequitur
1499 1638 1546 1680 ἑνὶ
1567 1640 1691 1694 λόγῳ·ι

407 1748 410 1749 ⁷
425 1710 516 1737 nam
533 1696 639 1749 quod
656 1697 693 1734 in
716 1693 846 1734 multis
859 1693 913 1734 est
927 1692 1048 1733 Codd.
1063 1692 1096 1732 ἐν
1110 1694 1224 1746 ὀλίγῳ
1237 1724 1248 1741 ,
1267 1693 1471 1734 sententiae
1486 1706 1687 1747 repugnat.

428 1749 625 1803 Aristoph.
647 1749 815 1789 Acharn.
837 1762 878 1787 v.
901 1760 995 1798 415,
1017 1745 1176 1800 Δεῖγέις
1197 1762 1248 1797 με
1263 1746 1371 1799 λέξαι
1395 1747 1449 1797 τῷ
1466 1747 1567 1800 χορῷ
1585 1747 1691 1799 ῥῆσιν

425 1805 590 1855 μακράν·
613 1814 655 1842 ut
671 1803 771 1855 apud
788 1800 935 1841 Platon.
954 1801 999 1840 de
1023 1799 1120 1853 Rep.
1140 1801 1199 1847 X,
1221 1815 1257 1854 p.
1280 1815 1355 1855 755
1380 1800 1423 1841 E.
1443 1801 1597 1854 Tragici
1619 1802 1691 1846 he-,

428 1860 516 1898 ro'e's
533 1859 681 1909 μακρὰν
708 1855 806 1908 ῥῆσιν
830 1854 1082 1894 ἀποτείναντες
1105 1854 1139 1893 ἐν
1159 1854 1240 1894 τοῖς
1263 1854 1448 1906 ὀδυρμοῖς,
1468 1856 1688 1909 praelongam

428 1913 610 1951 orationem
631 1913 840 1949 extendentes
860 1910 896 1947 in
916 1908 1220 1947 lamentationibus.
1234 1908 1350 1947 Aliud
1366 1907 1420 1947 est
1433 1907 1531 1960 ῥύσιν
1547 1908 1662 1950 εἰπεῖν
1672 1919 1691 1957 ,”

428 1977 471 2005 ut
491 1966 587 2005 bene
601 1965 731 2004 docuit
744 1962 789 2002 Is.
807 1961 1022 2002 casaubon.
1038 1962 1084 2000 ad
1098 1961 1298 2014 Theophr.
1311 1960 1383 2001 Ch.
1399 1961 1484 2002 Eth.
1504 1975 1539 2003 c.
1559 1975 1626 2013 15,
1647 1977 1686 2017 p.

431 2033 533 2072 125,
551 2018 593 2058 δι
614 2016 697 2071 post
715 2029 804 2057 eum
823 2015 931 2056 Gisb.
958 2014 1135 2067 Cuperus
1151 2015 1249 2055 Obs.
1272 2014 1313 2061 Ι,
1344 2015 1413 2061 16,
1439 2016 1478 2054 in
1501 2029 1551 2056 eo
1574 2017 1690 2057 dece-

426 2083 536 2125 ptus,
557 2072 664 2124 quod
687 2071 835 2110 nullum
853 2069 927 2109 effe
940 2069 1096 2108 dubium
1115 2080 1245 2122 putet,
1263 2069 1357 2121 quin
1370 2067 1476 2122 proni
1496 2068 1635 2122 χρῆσις
1648 2071 1689 2110 in

426 2126 619 2179 Euripidis
633 2123 838 2166 Scholiaste
852 2124 924 2175 legi
939 2123 1072 2162 debeat
1089 2120 1106 2161 ἧ
1127 2122 1239 2175 ῥῆσις,
1253 2135 1341 2162 cum
1359 2122 1604 2164 certiffimum
1619 2123 1690 2170 fit,

428 2180 533 2219 nulla
555 2180 718 2219 omnino
739 2190 838 2231 opus
861 2177 934 2216 effe
957 2176 1186 2216 mutatione.
1208 2174 1340 2228 Χρνῖσιν
1363 2176 1410 2216 de
1433 2180 1593 2230 poetae,
1617 2178 1688 2229 qui

427 2232 668 2285 proferatur,
691 2233 781 2272 loco
796 2232 888 2283 poni
902 2230 1007 2271 scivit
1023 2230 1154 2270 Billius
1170 2229 1263 2270 Obs.
1279 2229 1380 2269 sacr.
1399 2229 1438 2277 1,
1459 2242 1494 2270 c.
1514 2244 1577 2270 21.
1593 2231 1688 2274 Vid.

426 2286 499 2328 Ios.
517 2287 692 2340 Scaliger.
709 2286 755 2325 ad
768 2286 935 2324 Varron.
950 2284 995 2323 de
1011 2283 1058 2323 R.
1075 2283 1122 2323 R.
1141 2298 1177 2337 p.
1196 2300 1218 2323 2
1229 2298 1240 2322 ι
1253 2298 1284 2322 1.
1299 2284 1464 2322 HEMST.

481 2343 556 2380 ead.
572 2342 596 2380 l.
617 2355 630 2378 1
641 2355 674 2394 3.
691 2338 897 2392 Χρυσιὸας)
913 2337 1113 2377 Rariffima
1128 2351 1211 2376 vox
1228 2349 1301 2390 pro
1315 2336 1548 2377 vestimentis
1561 2337 1688 2378 aureis

427 2394 494 2435 vel
507 2408 603 2434 auro
622 2394 793 2434 intextis:
809 2393 985 2432 Budaeus
1005 2392 1105 2445 apud
1120 2391 1170 2430 H.
1193 2390 1426 2444 Stephanum
1440 2403 1490 2431 ex
1508 2391 1583 2431 hoc
1598 2390 1687 2432 solo

427 2449 580 2489 notavit
593 2448 694 2488 loco.
721 2448 843 2486 Paene
866 2446 958 2485 mihi
984 2443 1210 2499 persuadeo,
1229 2445 1432 2497 legendum
1456 2443 1530 2484 effe
1554 2444 1689 2497 ξύστι-

426 2502 515 2544 sas·
535 2501 668 2558 ξύστις
688 2502 788 2542 enim
807 2500 1035 2554 exponitur,
1058 2497 1203 2551 ἔνξυμά
1224 2513 1260 2541 τι
1279 2499 1475 2552 τραγικόν.
1490 2498 1706 2554 Harpocr.-
