1737 3378
334 183 435 229 IN
501 180 1005 229 SOMNIUM.
1208 181 1295 242 169

0 239 234 323 ³-va1es1um
254 273 394 327 culpo,
419 273 509 326 qui,
527 285 615 313 cum
643 272 744 325 apud
768 271 907 324 Euagr.
936 271 986 310 H.
1011 270 1051 309 E.
1076 269 1150 317 IV,
1171 256 1203 310 ε’.
1225 283 1298 320 29,

0 351 2 406 l

0 441 2 481 ἶ

0 533 2 615 b

0 626 3 716 l

37 326 229 379 legeretur
253 327 304 365 εἰς
328 326 728 380 χαμαιὸιὲοισκέιλους
750 326 970 376 φοιτῶντα,
991 323 1150 364 restituit
1175 336 1198 363 e
1222 321 1297 362 Ms-

37 379 92 421 ἐἰς
115 379 518 431 χαμαιὸιὲοιο-κάλου.
539 381 702 419 HEMST.

98 434 190 486 Pag.
213 448 251 482 4.
279 435 304 473 l.
333 449 366 473 1.
386 436 442 472 T&
465 432 509 472 Σὲ
534 430 624 486 im..)
649 433 843 471 Facultates
862 443 971 469 autem
995 432 1134 482 nostras.
1156 430 1297 469 BROD.

96 487 175 526 ibid.
197 487 374 538 Ταχεῖαν
402 501 491 526 τινα
519 486 586 525 τὴν
614 486 702 532 ἐπ.)
729 484 939 524 Secundam
970 484 1150 523 voculam
1170 482 1298 522 omisit

42 539 102 580 ed.
127 541 184 580 Fl.
206 539 305 580 sola:
329 551 478 580 ceterae
499 552 588 579 cum
612 538 734 578 Codd.
759 536 845 576 Mff.
868 548 1019 582 tenent,
1040 536 1179 588 quibus
1198 537 1298 575 haud

42 593 191 633 invitus
215 594 366 634 accedo.
398 593 586 633 Solemnis
614 591 834 631 Atticorum
862 591 900 628 in
925 590 985 628 τὶς
1010 589 1217 642 pleonasmi
1245 591 1300 628 H.

42 646 257 700 Stephanus
271 647 446 699 exempla
466 646 567 685 dedit
587 645 697 698 plena
720 657 839 684 manu
853 643 956 697 App.
974 643 1019 682 de
1039 642 1092 682 D.
1109 642 1158 682 A.
1175 656 1210 696 p.
1232 642 1298 682 80.

41 699 151 740 Nost.
175 701 215 738 in
237 699 342 754 Nigr.
370 700 385 749 §
411 714 471 753 33.
493 700 657 739 HEMST.

95 756 169 792 ead.
189 753 214 792 l.
243 768 277 793 2.
299 754 440 806 Τέχνην
459 752 530 793 τῶν
545 752 757 800 βαναύσων)
777 750 1019 792 Generaliter
1038 763 1110 804 pro
1129 748 1298 802 qualibet

44 807 286 846 mechanica:
309 805 447 847 ἅπλῶς
468 818 594 846 tamen
609 805 824 852 βαναυσία,
846 806 960 844 πᾶσα
981 804 1103 856 τέχνη
1117 835 1128 851 ,
1149 813 1193 842 ut
1215 802 1300 840 vult

41 859 211 912 Hesych.
225 859 326 900 Suid.
342 873 423 900 vox
436 859 488 900 est
502 859 840 913 Peloponnefiaca.
864 857 908 897 In
929 855 1193 909 Peloponneso
1212 854 1300 901 βαδ-

43 927 101 954 νος
120 914 268 964 κάμινον
287 915 305 954 ii
327 913 455 953 ἑστίαν
477 913 597 953 δηλοῖ·
616 914 775 966 Interpr.
796 912 990 964 Aristoph.
1010 911 1103 950 Poll.
1124 911 1300 950 BOURD.

43 965 230 1007 Βίοναυο-ος
250 968 333 1008 πᾶς
360 969 539 1021 τεχνίτης
564 966 632 1006 δια
654 970 766 1020 πυρὸς
800 966 1056 1019 ἐργαζόμενος·
1081 966 1222 1016 εἴρηται
1251 962 1299 1001 Σὲ

42 1022 151 1073 παρὰ
179 1024 224 1059 ‘rb
248 1022 334 1061 τοὺς
359 1022 510 1067 βαύνους
533 1020 656 1069 αὔειν,
679 1020 858 1059 τουτέστι
878 1022 952 1058 τὰς
974 1019 1148 1068 καμίνους
1172 1016 1299 1056 καίειν·

43 1074 280 1120 καταβέβηκε
307 1074 353 1114 δὲ
379 1073 397 1115 ἦ
426 1076 528 1126 λέξις
548 1075 599 1114 εἰς
621 1072 754 1113 πάντα
776 1072 1031 1126 χειροτέχνην.
1051 1073 1213 1112 VORST.
1240 1071 1298 1109 Ex

42 1126 287 1181 Etymologo
307 1128 428 1168 sumta
451 1130 491 1167 in
513 1142 552 1166 v.
581 1130 775 1167 Βάναυσος.
802 1128 964 1166 HEMST.

97 1185 172 1220 ead.
197 1183 220 1221 l.
250 1197 286 1231 4.
317 1185 458 1222 Μηκέτι
487 1180 694 1233 οἰκόσιτος)
717 1180 761 1219 In
784 1180 870 1219 Mff.
897 1180 938 1218 ὅ(
960 1179 1040 1218 aliis
1068 1178 1301 1219 editionibus

43 1235 197 1287 quoties
211 1247 420 1275 occurrunt
432 1236 530 1275 duae
549 1234 707 1274 vocales
719 1235 755 1272 in
771 1234 921 1273 duabus
933 1233 1178 1279 diclionihus,
1194 1233 1300 1285 prior

40 1287 188 1342 semper
207 1288 377 1337 eliditur,
401 1289 509 1342 quod
527 1288 640 1328 semel
660 1289 850 1327 monitum
876 1288 997 1327 volui.
1021 1287 1195 1326 BoURD.

97 1345 174 1381 ead.
195 1343 219 1381 l.
246 1356 277 1395 5.
307 1339 383 1382 Οὔκ
405 1344 455 1383 εἰς
475 1342 619 1397 (toene.)
643 1342 784 1391 Brevi,
810 1354 890 1381 non
916 1341 1079 1381 multum
1101 1339 1185 1394 post
1202 1350 1301 1379 tem-

45 1408 128 1449 pus.
150 1396 290 1436 BROD.

96 1452 171 1489 ead.
193 1451 217 1489 l.
242 1451 279 1489 6.
304 1453 351 1489 Tb
375 1449 509 1504 71711.)
531 1453 597 1489 Τὸν
621 1447 842 1504 ’γιγνόμενον
862 1448 1010 1499 moabie.
1040 1449 1178 1488 BROD.
1194 1448 1302 1487 Artis

43 1515 293 1557 proventum.
316 1505 494 1544 Budaeus
522 1504 637 1543 vertit
666 1505 783 1557 iustam
810 1506 995 1542 mercedem.
1021 1503 1193 1542 BoURD.
1214 1504 1239 1541 i.
1266 1515 1302 1543 e.

42 1557 189 1608 μισῖᾶόν.
213 1560 318 1611 Vorst.
341 1559 430 1598 Vid.
452 1561 570 1597 Μισὲν.
591 1570 676 1611 cap.
695 1572 759 1610 23,
778 1556 819 1596 δε
842 1557 926 1608 Τοξ.
945 1569 1029 1609 cap.
1065 1556 1122 1594 18.
1140 1557 1298 1596 δοῖ-ΑΝ.

51 1613 158 1662 Quod
171 1613 324 1651 mercedis
345 1628 388 1651 ex
411 1626 510 1663 opera
534 1611 647 1651 locata
667 1611 837 1662 nascitur:
864 1624 978 1664 quam
1000 1611 1174 1649 Latinam
1189 1611 1301 1649 locu-

42 1665 192 1704 tionem
215 1665 387 1706 Graecae
410 1664 598 1705 formulae
622 1665 911 1717 comparatione
929 1663 957 1703 Ι.
978 1663 1007 1702 F
1010 1677 1039 1703 r.
1067 1664 1300 1704 Gronovius

41 1717 201 1762 illustrat
225 1719 270 1759 de
289 1720 327 1759 P.
343 1721 394 1759 V.
416 1733 452 1773 p.
478 1731 565 1772 252.
589 1719 766 1758 Budaeus
785 1718 828 1758 C.
850 1718 892 1757 L.
917 1718 967 1757 G.
987 1732 1022 1770 p.
1045 1716 1096 1767 84
1116 1719 1301 1770 interpre-

42 1781 172 1818 tatur,
193 1773 312 1826 iustam
329 1775 511 1813 mercedem.
534 1771 603 1811 Illa
625 1773 682 1812 vis
710 1772 791 1812 aliis
823 1772 861 1811 in
880 1772 974 1813 locis
997 1782 1104 1824 apta,
1130 1771 1189 1810 hic
1212 1785 1310 1813 neu⁴

43 1825 213 1879 tiquam:
239 1840 299 1867 res
320 1827 374 1867 est
396 1824 592 1866 manifesta
613 1840 634 1866 e
651 1825 810 1866 Luciani
830 1826 932 1866 Tox.
956 1825 1021 1864 ubi
1041 1825 1279 1877 Agathocles
1292 1856 1304 1871 ‚

45 1891 89 1920 ut
111 1881 274 1920 amicum
295 1881 454 1920 Diniam
481 1891 674 1929 tueretur,
694 1881 733 1919 in
755 1878 874 1919 insula
897 1879 1039 1931 Gyaro
1063 1880 1301 1932 purpurariis

43 1947 204 1987 operam
229 1934 444 1984 addicebat,
471 1934 534 1973 καὶ
561 1936 604 1972 τὸ
632 1934 855 1988 γιγνόμενον
887 1933 928 1973 ἐκ
960 1932 1093 1972 τούτου
1117 1933 1304 1985 ἀποφέρων

43 1986 168 2040 ἔτρεφε
189 1991 250 2027 τὶν
272 1995 430 2028 Δεινιαν.
451 1990 614 2029 HEMST.

99 2043 173 2080 ead.
195 2043 218 2081 l.
241 2056 276 2094 9.
298 2043 367 2081 Καὶ
388 2042 509 2096 πρόχ.
529 2041 596 2094 ἔχ.
619 2057 657 2081 τ.
681 2041 805 2136 χος.ὲ
823 2044 921 2093 Quae
938 2054 1099 2094 paratam
1120 2057 1211 2094 opem
1229 2040 1305 2092 fer-

43 2106 111 2134 ret:
130 2110 213 2148 quae
224 2109 375 2149 promtas
383 2099 553 2149 praeberet
565 2096 754 2150 suppetias.
809 2109 828 2135 a
845 2097 981 2150 repetit
995 2094 1138 2149 paffim.
1153 2096 1305 2135 BOUR-

45 2159 273 2189 DELOTIUS.

43 2232 49 2239 .
99 2206 173 2242 ead.
194 2204 217 2242 l.
246 2218 301 2243 12.
328 2203 472 2257 Ῥρμογ.
503 2203 578 2244 &c.
611 2205 676 2244 καὶ
703 2203 802 2257 me.)
824 2202 1100 2257 Ἑρμογλὺφος,
1121 2202 1305 2255 ἑρμογλυ-

46 2256 138 2308 φεὺς
153 2287 164 2305 ,
193 2258 260 2310 qui
282 2256 422 2297 statuas
449 2257 528 2297 sive
549 2258 698 2297 hermas
720 2257 875 2296 fabricat
898 2271 946 2296 ex
978 2258 1115 2310 quavis
1129 2286 1139 2302 ,
1164 2268 1205 2295 ut
1227 2270 1303 2308 ego

75 2322 204 2356 utem,
227 2312 405 2351 materia:
431 2311 604 2361 λιθοξόος,
627 2310 905 2364 mmmmm,
933 2308 1168 2362 λιθογλύφος,
1194 2311 1257 2363 qui
1281 2323 1304 2349 e

62 2364 232 2416 apidibus
255 2365 290 2404 id
319 2365 491 2418 praestat.
514 2366 590 2405 Th.
625 2364 808 2417 Magister
832 2366 871 2404 in
895 2364 994 2403 Diei.
1020 2365 1104 2403 Att.
1129 2364 1206 2416 Ecl.
1234 2365 1305 2401 im-

45 2418 186 2471 probat
216 2431 354 2458 vocem
382 2419 541 2471 λιθοξόος
556 2450 566 2466 ,
588 2430 630 2458 ut
653 2420 780 2458 minus
800 2418 981 2458 Atticam.
1007 2418 1096 2463 Ait,
1122 2416 1307 2469 ἔρμογλέ-

45 2484 118 2526 φος
136 2470 200 2513 καὶ
217 2471 466 2527 ἐρμογλμφεὺς
477 2504 489 2524 ,
511 2469 548 2514 οὗ
572 2472 731 2528 λιθοξόος
750 2473 826 2513 &c.
846 2472 933 2513 Pari
953 2473 1125 2520 ratione,
1145 2484 1223 2524 qua
1243 2470 1306 2510 hic
