1737 3378
424 213 512 274 382
629 210 1491 261 ANNOTATIONES

419 309 635 337 veterator:
657 298 691 336 id
708 297 847 338 servuli
869 298 1076 352 servaeque
1095 300 1324 339 conditionis
1348 300 1597 342 humilitatem
1621 300 1681 343 [θ’

382 354 386 358 ’
418 350 539 391 lantes
552 352 769 392 dictitabant
780 382 791 397 ,
816 353 911 391 inter
926 351 1013 392 suos
1027 353 1147 392 nobili
1164 352 1199 392 se
1213 353 1304 393 loco
1319 365 1430 394 natos
1443 353 1538 402 effe3
1556 355 1679 396 fortu-

417 416 490 444 nae
515 404 655 445 scilicet
679 406 820 444 invidia
839 405 1004 452 fafflun,
1021 418 1064 446 ut
1087 407 1223 446 malam
1243 406 1466 447 servitutem
1491 406 1680 448 serviant:

417 457 593 498 Thraces
606 459 793 512 inprimis:
818 460 917 499 unde
932 472 1068 500 notum
1083 459 1176 499 illud
1194 461 1394 499 Menandri
1411 461 1512 513 apud
1530 463 1679 503 zenob.

419 510 467 550 C.
489 512 547 558 Π,
564 526 600 551 n.
624 526 690 560 12,
708 512 817 564 Θρᾲξ
833 510 985 565 εὐγενὴς
1003 510 1037 554 εἷ
1060 517 1150 564 πρὶς
1170 511 1270 553 ἃλας
1286 512 1561 565 ίιγορασμένος,
1586 515 1650 555 vel
1663 547 1677 565 ,

418 576 461 604 ut
477 565 653 619 Apostol.
669 566 780 606 habet
794 568 840 607 C.
860 566 919 614 ΙΙ,
940 581 976 606 Π.
1003 580 1048 620 59
1060 597 1072 615 ‚
1093 567 1299 617 ἐωνημένος·
1313 567 1375 608 sed
1388 580 1437 607 ex
1450 567 1585 608 eodem
1597 568 1681 609 Co-

418 618 521 659 mico
541 633 640 672 quae
656 620 834 672 leguntur
851 622 952 674 apud
971 621 1145 660 Strabon.
1168 635 1203 673 p.
1231 634 1303 673 455
1329 621 1375 661 C.
1395 633 1552 664 omnem
1569 623 1681 662 dubi·

418 674 522 712 tandi
536 673 663 713 ansam
679 684 880 713 amovent:
903 676 1051 714 Πάντες
1069 674 1139 724 μὲν
1159 672 1503 726 Θρᾷκες,μέιλιστα
1519 674 1556 713 5⁸³
1570 675 1599 715 οἱ
1615 676 1678 716 Γέ-

417 740 487 766 ται
507 727 630 778 Ἡμεῖς
652 727 830 766 ἁπάντων
849 727 932 779 (καὶ
949 730 1028 781 γὰρ
1044 724 1158 766 adsue
1172 727 1343 779 εὔχομαι
1357 726 1501 768 Ἐκεῖθεν
1520 724 1611 769 εἶναι
1633 733 1678 768 τὶ

417 781 544 833 γένος)
561 782 636 821 διε.
657 793 755 834 quae
774 792 817 820 tu
835 781 974 821 Getam
992 782 1158 833 aliquem
1171 781 1216 820 de
1231 781 1445 821 Comoedia
1457 782 1611 823 vernilis
1622 783 1679 822 in-

419 835 519 886 genii
539 835 650 874 crede
669 834 938 886 pronuntiasse.
959 835 1049 874 Hoc
1071 834 1162 874 illud
1177 834 1229 874 est
1242 865 1255 881 ,
1275 835 1380 888 quod
1396 834 1576 875 Aeschini
1598 835 1682 877 De-

418 887 634 928 mosthenes
648 888 790 927 obiecit
804 901 875 941 pro
893 887 987 927 Cor.
1002 902 1039 941 p.
1057 902 1136 940 494
1156 887 1195 926 F.
1215 900 1304 927 cum
1327 887 1547 941 turpissimis
1567 902 1680 930 ortus

419 942 638 993 parentibus
650 943 686 980 in
704 942 846 981 civium
863 940 1065 992 adscriptus
1079 954 1282 981 numerum
1299 941 1454 982 fortuna
1468 943 1586 995 paulo
1600 957 1679 984 me-

418 996 516 1035 liore
531 1006 699 1035 uteretur
711 1025 723 1041 ‚
742 1007 906 1047 patrem,
926 996 992 1047 qui
1013 995 1179 1034 Tromes
1198 995 1318 1035 difius
1340 995 1475 1042 fuerit,
1492 996 1680 1037 Atrome-

354 1072 365 1079 ο
418 1063 500 1088 zum
514 1049 685 1096 vocaffe3
705 1061 865 1088 matrem
879 1047 1100 1101 Empusam,
1111 1061 1160 1087 eo
1173 1047 1300 1088 saltem
1313 1050 1547 1101 cognomine
1563 1050 1682 1090 noris.

418 1103 564 1151 simam,
580 1102 666 1142 satis
682 1101 884 1155 magnifice
899 1102 1192 1142 Glaucotheam.
1206 1101 1309 1142 Inter
1326 1102 1560 1143 Christianos
1579 1103 1677 1144 idem

416 1170 578 1209 quoque
591 1170 662 1196 nec
677 1169 792 1196 unam
805 1156 857 1195 ob
868 1155 1015 1195 causam
1031 1155 1258 1195 faeiitatum:
1274 1156 1320 1196 de
1336 1157 1549 1205 haereticis,
1565 1171 1683 1210 quan·

418 1212 469 1250 ‹10
494 1211 647 1250 scholae
669 1210 759 1250 suae
781 1209 1118 1263 praeficiebantur,
1142 1210 1322 1262 colligere
1341 1210 1430 1250 licet
1452 1223 1475 1250 e
1497 1209 1637 1251 Photio
1658 1211 1678 1251 1

415 1275 554 1304 contra
577 1264 745 1304 Manich.
771 1264 785 1313 ᾗ
815 1279 852 1317 3,
869 1281 906 1313 4.
930 1263 994 1303 De
1010 1265 1074 1311 iis,
1095 1264 1162 1316 qui
1184 1264 1412 1315 martyrium
1431 1262 1588 1304 subituri
1606 1278 1680 1305 no·

418 1332 507 1359 men
529 1318 594 1358 vel
619 1318 846 1371 prophetae,
871 1318 935 1356 vel
957 1316 1167 1358 sanffiffimi
1187 1317 1381 1357 cuiusdam
1403 1317 1478 1357 viri
1500 1317 1679 1358 adscisce-

417 1373 532 1418 tant,
552 1372 687 1411 Euseb.
702 1372 758 1411 de.
774 1372 942 1423 Martyr.
957 1370 1106 1410 Palaest.
1118 1385 1152 1422 p.
1164 1385 1252 1424 429.
1270 1385 1371 1424 quae
1385 1371 1543 1411 totidem
1557 1385 1681 1425 paene

416 1427 546 1466 verbis
559 1426 606 1465 ab
621 1439 670 1465 eo
685 1436 912 1479 repetuntur
926 1425 970 1464 ad
982 1423 1050 1464 les.
1061 1438 1093 1464 c.
1109 1423 1252 1468 XLIV.
1267 1438 1303 1477 p.
1323 1439 1396 1477 527
1409 1425 1452 1465 B.
1465 1426 1630 1465 Hiems-r.

469 1483 543 1519 ead.
558 1481 582 1519 l.
607 1494 666 1519 10.
688 1478 922 1531 Μεγακλῆς)
935 1479 1068 1518 Studio
1081 1479 1271 1518 Lucianus
1284 1491 1329 1518 ea
1343 1479 1482 1531 delegit
1499 1480 1680 1530 nomina,

416 1547 516 1587 quae
540 1535 680 1586 grande
700 1533 877 1585 quiddam
893 1534 931 1572 δι
953 1532 1155 1585 superbum
1178 1531 1364 1572 sonarent.
1383 1532 1574 1585 Megacles
1596 1545 1677 1574 non

416 1601 516 1628 unus
532 1589 570 1626 in
585 1587 949 1627 Alcmaeonidarum
968 1599 1079 1639 gente
1093 1586 1255 1625 Athenis
1273 1585 1521 1626 nobniffima:
1543 1586 1680 1627 Comi-

416 1643 451 1681 ιί
468 1641 664 1682 hominem
683 1642 924 1694 primarium,
947 1641 1014 1693 qui
1030 1640 1194 1679 multum
1211 1639 1398 1693 splendori
1410 1640 1559 1693 generis
1572 1653 1680 1681 arro-

415 1707 502 1747 get,
523 1695 694 1748 aliol'clue
713 1708 804 1748 prae
824 1694 859 1734 se
883 1693 1063 1740 fastidiat,
1082 1695 1133 1732 ita
1159 1703 1330 1740 vocant,
1351 1695 1677 1747 quemadmodum

415 1750 588 1802 Κσεσὺροιν
604 1749 781 1789 feminam
797 1759 1015 1802 potentem:
1037 1746 1232 1800 Aristoph.
1249 1748 1284 1787 N
1289 1748 1351 1787 ub.
1373 1759 1410 1787 v.
1429 1749 1506 1797 46,
1526 1748 1591 1788 ubi
1610 1748 1679 1802 ἑγ-

415 1803 723 1854 κεισισυρωμένην
745 1803 915 1855 intelligo
930 1802 1045 1854 longa
1060 1800 1320 1852 Coesyrarum
1342 1801 1434 1841 serie
1451 1800 1676 1855 superbam:

416 1857 639 1908 Hesychius
653 1871 674 1896 e
690 1856 847 1896 vetustis
860 1856 1132 1896 Grammaticis
1147 1867 1381 1908 opportune,
1399 1854 1461 1895 sed
1474 1856 1549 1896 hoc
1562 1856 1677 1908 paeto

414 1911 717 1951 constituendus:
745 1910 1122 1967 Ἐγκεκοισυρωμένη,
1153 1908 1224 1947 διὰ
1250 1909 1422 1962 Κοισύραν
1448 1910 1515 1949 τὴν
1542 1914 1679 1963 Meyer.-

415 1969 545 2006 κλέους
565 1966 711 2017 μητέρα.
731 1966 799 2002 τοι]
822 1962 1125 2012 Ἀλκμαιωνίὸου·
1156 1962 1240 2001 ἐστὶ
1263 1962 1332 2011 ἑὲ,
1353 1963 1595 2014 σεμνυνομένη
1620 1962 1678 2013 τξὶ

414 2021 526 2070 γένει.
544 2018 924 2072 Ἐγκεκσρὲυλημένη,
943 2016 1150 2066 ἑνειλημένη
1168 2016 1232 2055 καὶ
1249 2017 1579 2069 ἐγκεκαλυμμένη·
1594 2016 1678 2070 plu-

413 2088 455 2112 ra
466 2073 544 2112 fine
561 2073 680 2112 dubio
700 2072 849 2124 plenius
860 2082 1083 2118 annotarat,
1106 2082 1204 2122 quae
1216 2071 1355 2109 nefaria
1370 2083 1525 2119 manus,
1548 2081 1590 2110 ut
1604 2071 1678 2111 alia
1713 2116 1715 2118 v

412 2128 449 2165 in
471 2140 521 2166 eo
535 2125 706 2172 infinita,
725 2126 931 2165 truncavit.
952 2123 1205 2170 Protarchus,
1221 2137 1369 2176 praeter
1389 2124 1510 2172 alios,
1526 2136 1575 2163 ex
1589 2123 1676 2164 Pla·

414 2182 515 2220 tonis
529 2180 686 2220 Philebo
708 2190 835 2219 notus.
853 2178 916 2218 De
937 2179 1161 2230 Megabyzo
1182 2178 1242 2216 vir
1263 2191 1423 2230 magnus
1444 2179 1491 2217 ad
1505 2177 1676 2231 Diogen.

412 2235 453 2273 L.
471 2233 527 2280 II,
551 2248 591 2285 51
609 2250 617 2273 t
639 2235 700 2273 Sic
717 2235 927 2272 vocabantur
948 2234 1110 2284 Ephesiae
1125 2232 1266 2270 Dianae
1281 2232 1493 2284 sacerdotes,
1509 2245 1549 2270 ut
1566 2233 1674 2283 obfir-

412 2290 511 2328 vavt't
525 2287 648 2338 dofflff
672 2289 856 2326 Turnebus.
876 2289 946 2326 Sed
957 2287 992 2325 δ’
1011 2287 1098 2326 alios
1117 2286 1167 2323 ita
1181 2285 1304 2337 fhlitos
1323 2285 1508 2340 appellarmi,
1529 2286 1672 2326 coniicit»

411 2359 455 2381 ex
471 2345 532 2382 hoc
548 2342 694 2381 Luciam·
710 2342 782 2382 loco
795 2342 831 2379 in
854 2341 1004 2388 Timone,
1022 2339 1172 2378 Ἐκεῖνος
1184 2340 1266 2389 μὲν,
1280 2339 1386 2378 ὅστις
1399 2338 1444 2378 ἂν
1461 2341 1478 2388 ᾗ
1495 2353 1591 2378 ποτε
1604 2339 1672 2392 (lo-

412 2398 527 2449 quitur
544 2398 582 2434 de
601 2395 723 2447 fervo,
745 2410 837 2448 quem
862 2397 958 2433 herus
982 2394 1122 2447 instituit
1147 2391 1316 2445 heredem)
1337 2391 1603 2444 ἁρπασάμενός
1618 2407 1671 2444 με

412 2454 487 2491 &o
503 2449 797 2491 Graecorumne
817 2448 914 2487 ullus
929 2447 998 2487 isto
1013 2448 1170 2487 nomine
1187 2459 1355 2499 unquam
1375 2445 1491 2485 fuerit
1506 2446 1674 2499 appella-

411 2516 472 2545 rus
484 2535 496 2554 ,
518 2503 621 2544 haud
635 2503 810 2557 equidem
829 2501 925 2543 scio:
951 2501 1012 2543 sed
1029 2511 1112 2542 tum
1130 2499 1326 2542 Persarum
1343 2500 1512 2547 multos,
1533 2498 1676 2554 eosque
