1737 3378
239 240 241 243 .
297 209 380 254 IN
432 205 1043 254 PROMETHEUM.
1210 222 1304 271 217

42 311 147 352 quos
162 296 418 352 philosophos.
441 298 580 337 BROD.
599 295 796 336 Socratem
813 294 950 347 procul
966 293 1083 341 dubio
1099 293 1241 341 innuit,
1256 295 1307 334 ab

47 352 304 406 Aristophane
319 353 356 390 in
372 351 529 391 Nebulis
547 349 832 396 subsannatum,
853 348 893 386 ὃ(
911 347 1136 399 φροντιστὴν
1156 349 1194 388 δι
1211 363 1310 399 μετ-

46 408 274 457 εωροφένακα
306 416 501 445 vocatum.
534 403 669 443 PALM.
699 402 815 454 Apud
843 402 1039 454 Aristoph.
1062 401 1086 440 l.
1111 416 1143 442 c.
1173 403 1310 442 dicun-

44 469 112 498 tur
134 459 525 513 μεριμνοφροντισταὶ,
546 458 589 497 &
615 456 690 495 alio
716 456 753 494 in
770 455 860 494 loco
886 456 1207 506 μετεωροφένακες.
1235 456 1309 496 Sed

45 514 138 565 quia
163 513 313 552 variant
332 513 404 552 hae
426 524 544 551 voces
564 523 586 549 a
604 509 822 553 Lucianeis,
845 508 999 547 videtur
1018 520 1083 547 aut
1105 509 1193 549 alias
1208 509 1308 549 eius-

44 567 130 606 dem
147 570 285 620 poe'tae
297 564 494 619 respexisse
509 563 671 611 fabulas,
689 573 753 602 aut
768 562 929 601 aliorum
943 561 1209 603 Comicorum.
1225 564 1310 615 Ego

46 620 271 672 Eupolidem
290 617 489 673 respexiss‘e
503 616 723 656 crediderim
739 647 750 663 ‚
771 616 837 669 qui
859 615 898 653 &
919 614 994 667 ipse
1018 628 1039 654 a
1059 616 1203 655 Nostro
1223 629 1308 656 nar-

42 685 149 712 ratur
179 673 219 712 in
242 673 436 712 Socratem
460 670 605 710 fabulas
629 668 815 723 scripsiss'e.
840 668 942 707 Nihil
972 679 1099 708 tamen
1123 682 1167 707 ea
1192 670 1238 708 de
1264 683 1307 709 re

44 725 244 778 Diogenes
265 727 446 766 Laertius.
470 724 542 764 Sed
565 723 866 776 Xenophontem
883 723 941 762 adi
962 722 1000 761 in
1025 722 1201 774 Sympos.
1222 736 1308 775 pag.

44 781 103 819 ed.
132 780 185 819 St.
213 792 353 836 520‚⁵3
366 793 396 831 5.
418 779 483 818 ubi
505 777 634 835 disces³
647 790 696 817 eo
710 778 865 817 nomine
885 775 1037 816 solitum
1063 774 1169 816 fuiffe
1188 789 1308 816 voca-

42 833 76 873 ri
94 833 301 874 Socratem.
322 833 414 886 Ἀρα
437 831 483 872 σὺ
498 863 508 878 ,
533 835 559 871 ὦ
583 831 796 882 Σώκρατες,
817 831 832 869 ὃ
855 833 1146 871 ΦΡΟΝΤΙΣΤΗΣ
1169 830 1307 869 ἐπικα-

41 887 235 937 λούμενος
254 887 314 926 sed
329 887 370 926 δι
391 886 585 939 sequentia
600 886 637 923 in
658 884 738 937 ipso
760 884 1020 936 Xenophonte
1037 883 1175 935 legito,
1199 895 1241 923 ut
1264 883 1307 922 &

41 941 231 980 rationem
254 941 354 980 illius
365 940 608 993 cognominis
626 938 762 984 discas,
782 939 822 979 ὅ(
841 937 959 989 ipsum
982 937 1182 977 Socratem
1198 950 1242 978 ea
1259 938 1307 977 de

41 1006 84 1035 re
105 995 232 1034 audias
257 994 468 1047 opprobria
491 995 530 1032 in
550 992 586 1033 se
610 992 706 1031 iafia
729 992 947 1031 diluentem.
975 991 1132 1030 SOLAN.

109 1053 184 1087 ead.
206 1050 231 1086 l.
254 1047 290 1087 8.
310 1050 409 1088 Μίαν
431 1062 466 1086 τ.
489 1046 732 1098 προέλευσιν)
755 1047 844 1085 Hoc
865 1044 943 1090 est,
966 1045 1030 1083 illa
1050 1044 1128 1084 sola
1148 1045 1194 1085 de
1215 1048 1306 1086 cau-

41 1101 81 1141 sa
103 1103 337 1155 procedebat
354 1103 390 1140 in
409 1101 630 1155 publicum,
649 1110 691 1140 ut
709 1113 777 1139 eos
798 1099 978 1138 irrideret.
1001 1099 1063 1137 Ad
1076 1099 1306 1152 Aristopha-

39 1157 100 1195 nis
119 1155 253 1195 Nubes
271 1155 441 1209 respicit,
460 1167 560 1208 quae
578 1154 617 1193 in
638 1166 727 1193 eum
748 1153 871 1193 solum
893 1151 1009 1192 finem
1032 1151 1152 1194 festae
1174 1165 1306 1201 erant,

41 1219 90 1248 ut
116 1209 364 1249 infamaretur
389 1209 590 1254 Socrates,
619 1220 697 1247 una
728 1221 817 1247 cum
845 1206 1043 1260 discipulis.
1068 1208 1306 1259 Προέλευσις,

41 1266 87 1302 τὸ
109 1263 312 1316 προελθεῖν,
334 1264 456 1315 inquit
477 1260 725 1314 Hesychius,
747 1261 821 1300 hoc
844 1259 920 1307 est,
939 1261 975 1299 in
999 1261 1128 1307 scenam
1142 1262 1301 1311 prodire,

36 1319 219 1370 procedere.
236 1316 360 1356 CLER.
378 1316 492 1368 Angl.
510 1315 753 1367 προσ-αἵρεσιν.
769 1316 941 1355 BOURD.
964 1313 1169 1355 Verissima
1186 1314 1304 1355 leffio

39 1370 271 1423 προαίρεσιν,
292 1384 406 1423 quam
427 1368 593 1423 praefert
615 1369 674 1408 ed.
698 1370 728 1408 I.
753 1371 792 1409 δι
812 1367 1025 1422 agnoscunt
1048 1367 1172 1407 Codd.
1195 1368 1233 1407 P.
1256 1370 1301 1409 L.

38 1425 83 1465 &
96 1424 235 1465 Galaei
253 1423 518 1473 Colle&anea3
540 1436 610 1463 nec
626 1423 743 1477 longe
763 1423 906 1462 abludit
927 1422 1044 1475 Angl.
1063 1421 1133 1460 Ms.
1160 1423 1301 1462 Eadem

37 1491 144 1518 voce
174 1478 263 1517 alibi
287 1479 421 1518 utitur.
450 1477 692 1531 προέλευσιν,
716 1477 825 1530 quod
853 1477 944 1516 alias
971 1477 1052 1516 edd.
1077 1475 1232 1522 infidet,
1260 1478 1303 1517 &

37 1531 163 1585 ipsum
178 1533 234 1571 M.
256 1532 356 1572 Cod.
378 1532 419 1572 δι
439 1532 519 1572 Ox.
538 1531 641 1571 nihili
654 1530 719 1570 est.
737 1530 915 1570 Vorstius
935 1530 1095 1583 margini
1111 1526 1302 1583 adscripsit

40 1586 66 1624 i.
94 1599 126 1626 e.
148 1585 240 1626 esav.
260 1585 416 1625 SOLAN.
439 1586 653 1637 Προέλευο-ιν
673 1585 774 1624 τεᾶἶε
793 1584 821 1624 I.
843 1585 1016 1624 Clericus
1037 1586 1216 1636 exponit,
1235 1585 1301 1623 cui

39 1639 195 1691 prorsus
213 1640 400 1680 affentior.
422 1639 534 1692 Quid
554 1639 622 1678 fibi
637 1639 807 1679 voluerit
826 1640 877 1677 H.
899 1639 1113 1690 Stephanus
1131 1638 1169 1676 in
1185 1637 1303 1679 Thes.

39 1693 89 1733 T.
110 1694 153 1740 Ι,
177 1708 212 1748 p.
240 1708 336 1748 1273
351 1724 362 1740 ,
383 1693 470 1734 sane
488 1707 571 1733 non
589 1693 716 1734 video.
738 1692 992 1745 Quamquam
1011 1692 1217 1744 προαίρεσιν
1241 1693 1301 1731 in·-

38 1760 172 1799 gerant
195 1748 241 1788 C.
260 1747 310 1787 A.
334 1749 375 1788 δι
393 1748 449 1788 ed.
471 1748 499 1787 I.
518 1747 604 1800 plus
625 1757 752 1787 tamen
770 1747 870 1799 apud
890 1760 951 1786 me
970 1746 1074 1785 valet
1094 1745 1301 1786 meliorum

37 1801 349 1841 membranarum
379 1802 420 1841 &
444 1804 501 1841 ed.
525 1802 579 1840 Fl.
604 1800 834 1848 au&oritas;
858 1814 975 1853 quam
1000 1812 1050 1838 ne
1071 1809 1302 1840 metemere

35 1853 208 1895 secutum
230 1867 361 1909 putes,
384 1856 474 1895 dum
496 1855 626 1909 paucis
647 1868 744 1908 ago,
766 1854 829 1894 illa
850 1855 941 1893 mihi
958 1854 1072 1893 video
1093 1854 1272 1893 tradenda
1285 1884 1301 1900 ,

37 1922 161 1962 quae,
179 1910 336 1963 quando
357 1921 567 1950 occurrunt
582 1909 741 1962 fiugula,
758 1921 838 1948 non
860 1908 1024 1948 difficilia
1046 1908 1198 1961 quidem
1220 1908 1300 1960 ple-

37 1975 183 2016 raque,
206 1963 293 2010 sed,
317 1977 397 2017 quo
415 1965 613 2004 communi
634 1976 737 2002 nexu
760 1963 858 2002 inter
880 1962 917 2003 se
937 1962 1213 2007 cohaererent,
1233 1974 1302 2015 pa-

37 2029 124 2056 rum
140 2017 319 2057 videntur
338 2017 538 2057 intelleCia.
556 2017 643 2070 Qui
667 2018 785 2057 domo
809 2017 848 2055 in
869 2017 1066 2070 publicum
1083 2016 1274 2068 prodeunt
1286 2046 1301 2065 ,

39 2072 296 2124 προέρχονται·
321 2070 389 2123 ἔξω
411 2071 590 2123 ’προελθεῖν
610 2071 799 2110 Antonin.
816 2070 862 2109 de
877 2071 926 2111 R.
948 2071 983 2110 S.
1004 2069 1072 2115 XI,
1089 2071 1105 2119 §
1128 2069 1190 2108 28.
1206 2085 1298 2122 προ-

37 2124 152 2164 ελθεῖν
173 2125 208 2164 ἐς
232 2126 371 2179 αγορὰν
393 2125 501 2165 Philo
525 2126 607 2165 Iud.
632 2139 669 2178 p.
693 2139 767 2177 793
795 2124 841 2164 C.
865 2124 915 2164 sic
939 2125 977 2163 in
1000 2124 1134 2162 D10ne
1153 2122 1294 2175 Chrys.

39 2178 214 2225 XXXII,
234 2193 271 2232 p.
296 2193 368 2232 392
393 2178 444 2218 D.
463 2179 540 2219 οὔτ’
559 2179 604 2219 ἂν
624 2181 714 2219 ὶσως
733 2178 922 2229 προέλθοι,
941 2179 976 2216 6³
995 2195 1035 2216 ne
1052 2181 1147 2216 domo
1165 2178 1299 2229 quidem

0 2254 1 2288 ζ
39 2236 89 2272 ad
103 2236 271 2272 emendum
291 2234 420 2286 aliquid
429 2233 470 2282 se
483 2245 633 2279 moveat,
649 2233 731 2286 capi
748 2232 889 2285 potest:
907 2231 968 2270 sed
988 2232 1040 2270 ibi
1059 2231 1161 2270 malo
1179 2238 1298 2283 προσ-’-

39 2286 143 2326 έΛΘοι.
163 2286 327 2338 προϊέναι
353 2287 404 2326 εἰς
423 2291 466 2325 τὸ
491 2287 691 2337 ὃιιμόσιον,
714 2286 902 2326 Plutarch.
927 2285 1014 2324 Cat.
1034 2286 1130 2324 Min.
1156 2298 1191 2336 p.
1216 2284 1296 2331 762

39 2339 87 2380 C.
108 2353 152 2379 ea
175 2351 301 2380 mente
324 2341 497 2380 Luciano
522 2342 562 2379 in
585 2340 715 2380 Somn.
737 2340 753 2389 §
782 2354 829 2393 9,
853 2337 1006 2380 εὐτελὴς
1025 2339 1089 2378 τὴν
1110 2337 1267 2390 ’.τρὸοέον
1281 2367 1295 2385 ,

37 2394 106 2447 qui
125 2393 230 2433 nullo
249 2393 402 2448 stipatus
420 2395 632 2434 amicorum
654 2395 844 2434 comitatu
856 2424 869 2440 ‚
884 2393 1209 2446 quemadmodum
1224 2391 1298 2431 ho-

37 2449 160 2488 mines
177 2447 323 2488 nobiles
345 2449 384 2488 δε
405 2448 495 2488 clari
517 2447 659 2496 solent,
683 2447 780 2500 (vid.
804 2447 1034 2498 Necyom.§
1058 2446 1133 2498 12.)
1155 2444 1214 2485 sed
1240 2445 1294 2483 ob

38 2502 222 2545 vilitatem
240 2503 342 2545 vitae
358 2513 574 2545 contemtus
591 2515 637 2544 ac
651 2501 754 2543 solus
769 2502 807 2542 in
824 2501 1021 2556 publicum
1036 2500 1178 2556 prodit:
1199 2498 1292 2539 tales
