1737 3378
313 238 417 284 IN
483 240 1006 285 TIMONEM.
1206 241 1297 305 389

87 326 159 364 ead.
177 325 201 364 l.
221 337 256 377 9.
273 320 368 364 ’Άνω
380 326 443 365 καὶ
457 326 562 367 κάτω
577 328 594 376 )
612 327 759 381 Tetigit
781 327 882 367 hunc
897 326 1028 367 locum
1050 326 1111 368 Fr.
1126 326 1299 369 Luismus

31 376 116 418 Par.
139 378 219 425 ΙΙΙ,
245 378 300 417 ι8.
321 380 485 419 HEMST.

88 434 160 470 ead.
174 433 197 471 l.
216 446 228 469 ι
242 445 272 470 1.
288 426 396 485 ’Ἔχει
412 448 455 472 σε
470 433 563 486 διε.)
581 433 671 472 Vid.
691 432 803 486 supra
820 435 955 472 Ἐνυπν.
976 446 1008 472 c.
1025 447 1064 482 7,
1080 430 1224 485 ἕρμαιον
1240 434 1296 475 ὢν.

33 485 77 524 δι
90 485 165 524 hoc
180 483 262 537 ipso
276 489 361 534 Τιμ.
375 499 407 525 c.
423 501 484 535 24.
497 488 526 526 I.
541 488 632 526 haec
649 487 754 526 aliter
770 486 895 532 habet,
916 499 1053 539 nempe
1075 490 1166 536 πρὸς
1181 485 1294 528 αὖτὶν

31 537 105 592 (L.
121 534 252 590 αὐτὴν)
266 537 446 591 ἔρχεται,
461 540 637 593 deestque
651 541 705 578 σέ.
721 540 854 578 Minus
867 541 1082 579 commode.
1098 541 1255 580 δοῖ-ΑΝ.

87 591 170 630 ibid.
187 593 251 630 Τὸν
269 591 420 646 Ἑρμῆν)
440 593 569 632 Scribe
584 607 627 631 σε
643 596 703 631 τὸν
721 592 853 644 Ἕρμῆν.
869 593 1008 632 BROD.
1034 594 1094 633 Sic
1114 594 1198 645 post
1218 596 1296 635 hoc

32 643 137 686 Dial.
149 643 242 683 Inde
257 658 560 697 cognomentum
573 646 753 685 Mercurii
767 645 934 698 κερὲὦος.
952 646 967 695 §
987 661 1049 694 41.
1065 647 1238 686 BouRD.

90 699 180 751 Pag.
204 712 268 751 95.
289 700 314 738 l.
342 712 372 738 1.
387 699 612 753 Δυσεύρετον
635 697 729 739 οὕτω
754 698 911 753 χρῆμα)
933 699 1020 740 Τοὺς
1040 699 1107 739 τοῦ
1125 701 1296 740 πλούτου

33 749 173 803 ἀξίους.
196 752 334 791 BROD.

89 808 162 844 ead.
179 806 202 844 l.
227 820 260 859 3.
280 801 406 844 ΟὗδἫῖ
427 805 620 860 Λυγκεὺς)
641 806 835 860 Aristoph.
857 807 896 846 in
914 806 1009 846 Plut.
1028 820 1065 846 v.
1088 819 1185 855 210,
1207 808 1297 846 Βλέ-

33 859 142 897 ποντ’
157 857 352 910 ἀποὲείξω
367 859 402 899 o·’
427 860 590 913 ὀξύτερον
605 861 791 914 Λυγκέως.
813 859 1108 913 Ὀξυωπέστερος
1122 862 1296 913 Λυγκέως

33 910 143 952 Philo
154 913 234 964 περὶ
250 916 352 965 Προν.
373 914 472 966 apud
488 913 620 954 Euseb.
634 919 752 967 Προπ.
770 910 893 966 Εὖαγ.
908 914 1027 960 VIII,
1048 927 1130 966 pag.
1149 915 1222 967 387
1244 916 1295 953 A.

34 963 172 1004 Plotin.
187 966 353 1006 Ennead.
367 980 403 1020 p.
421 982 490 1020 545
507 967 559 1007 D.
573 967 680 1021 saepe
693 967 847 1013 Noster,
863 979 904 1007 ut
925 967 1099 1007 Erasmus
1117 966 1297 1007 observat

34 1017 73 1057 in
88 1019 224 1072 Lynceo
233 1020 478 1073 perspicacior:
497 1021 547 1061 G.
560 1021 761 1074 Cognatus
775 1022 812 1059 in
827 1022 993 1074 Lynceus.
1010 1023 1172 1060 HEMST.

87 1076 161 1112 ead.
182 1075 206 1112 l.
225 1088 261 1124 7.
276 1074 604 1128 Σαγηνευόμενος)
618 1076 658 1114 L.
672 1075 937 1127 σαγηνεύομαι
949 1076 1142 1114 circumdor.
1154 1075 1296 1114 BROD.

87 1129 160 1165 ead.
177 1127 201 1165 l.
223 1141 282 1181 13.
298 1124 488 1179 Εἰρήσεται
509 1129 606 1182 γὰρ)
621 1130 811 1167 Dicendum
827 1130 871 1182 est
882 1130 977 1167 enim.
997 1129 1137 1168 BROD.

63 1213 75 1225 ,
95 1181 183 1232 Pag.
198 1182 260 1233 96.
273 1182 295 1219 l.
314 1195 348 1220 2.
367 1180 440 1219 Σοῦ
457 1181 697 1235 δυσέρωτας)
720 1182 903 1232 Δυσέρως,
922 1183 988 1233 qui
1002 1183 1158 1221 modum
1175 1183 1297 1221 amori

34 1231 199 1273 statuere
213 1247 291 1273 non
306 1234 452 1287 potest,
472 1233 534 1274 sed
554 1237 637 1274 eius
657 1236 839 1274 violentia
856 1236 891 1274 se
914 1247 1040 1274 totum
1062 1236 1181 1288 abripi
1201 1237 1299 1286 pati-

37 1297 114 1325 tur.
135 1286 310 1340 exposuit
328 1287 429 1326 illam
440 1289 522 1327 vim
537 1288 588 1327 D.
603 1288 730 1328 Heins.
752 1289 794 1328 L.
809 1289 883 1328 Th.
903 1302 929 1328 o
948 1289 1023 1335 IV,
1041 1302 1122 1328 non
1144 1290 1296 1342 quidem

36 1340 207 1392 ignotam
223 1341 272 1381 H.
285 1341 481 1394 Stephano
491 1373 502 1391 ‚
519 1343 626 1382 cuius
639 1344 676 1381 in
688 1342 888 1382 Thesauro
902 1343 963 1383 hic
976 1342 1053 1396 ipse
1065 1343 1176 1382 locus
1187 1342 1299 1382 addu-

37 1395 150 1434 citur.
169 1395 343 1435 Luciano
354 1395 535 1448 frequens
547 1426 557 1443 ‚
576 1409 620 1435 ut
633 1396 782 1436 notavit
793 1396 1033 1447 Iungerman.
1054 1398 1100 1435 ad
1112 1396 1203 1436 Poll.
1217 1396 1276 1434 VI
1286 1426 1300 1444 ,

41 1447 130 1499 189.
152 1448 394 1501 Epigramma
413 1450 554 1489 editum
570 1463 592 1489 a
614 1451 781 1490 Kustero
805 1450 852 1488 ad
868 1450 970 1490 Suid.
994 1451 1034 1488 in
1051 1449 1297 1489 Ἀκοστιὶσοις·

39 1501 118 1540 Τὼς
130 1503 267 1554 τρητὼς
279 1502 457 1552 δόνακας,
471 1506 511 1541 τὸ
530 1504 637 1543 νάκος
648 1503 754 1550 τὸἒε,
773 1503 893 1543 τάνδε
906 1502 1052 1555 κορύνην
1062 1501 1208 1553 ’Άνθξσο
1222 1504 1299 1555 (ita

37 1555 240 1608 legendum
256 1569 328 1609 pro
338 1551 505 1610 ’‘Avoe-to)
520 1556 611 1597 siim
626 1558 726 1609 φίλῳ
741 1557 859 1604 Δάφνι
876 1557 1141 1609 γυναικοφίλα.
1155 1557 1201 1595 Ὠ
1215 1555 1299 1595 Πᾶν

40 1607 208 1662 ὃεχνυσο
220 1610 321 1664 ὃτῖρα.
336 1613 385 1650 τὰ
403 1609 685 1659 Δάφνιδοςῆσα
695 1613 774 1664 ’γὰρ
789 1607 895 1660 αὐτῷ
909 1611 977 1649 Καὶ
988 1612 1053 1662 μοι
1067 1610 1146 1651 rigzu
1157 1610 1300 1661 φιλέεις

38 1665 106 1701 καὶ
125 1662 282 1717 δυο-ἔρως
297 1664 467 1703 τελέθεις.
486 1664 624 1704 Sumsit
647 1679 668 1704 a
687 1665 898 1704 Theocrito
917 1665 996 1703 Eid.
1017 1665 1053 1713 Ι,
1075 1664 1138 1717 85.
1166 1663 1302 1703 Simili-

39 1727 100 1756 ter
111 1716 284 1758 Συσέινιος
297 1718 362 1758 vel
376 1716 541 1760 Συσίινιος
555 1719 655 1772 apud
670 1720 947 1773 Hippocratem
957 1749 969 1768 ,
990 1719 1035 1758 de
1046 1732 1127 1772 quo
1140 1716 1246 1757 Foes.
1262 1718 1302 1756 in

38 1769 192 1812 Oecon.
205 1773 368 1811 HEMST.

91 1827 165 1864 ead.
186 1825 208 1864 l.
231 1840 264 1878 3.
285 1825 342 1868 Εἰς
362 1822 572 1872 βαθυκήτεα,
594 1825 731 1879 vrbo-r.)
760 1826 818 1865 Ex
840 1825 1085 1879 Theognide:
1099 1825 1163 1864 Ἢν
1178 1824 1301 1878 (pau-

41 1880 248 1932 pertatem)
261 1878 310 1919 sk
322 1879 399 1932 χρὴ
414 1879 610 1933 φεύγοντα,
622 1880 685 1918 καὶ
696 1880 732 1918 ἐς
743 1878 980 1932 μεγακήτεα.
992 1880 1122 1919 πόντον
1134 1879 1304 1924 Ῥὶπτειν,

42 1933 112 1972 καὶ
124 1933 276 1985 ’.τέτρωῄ
291 1934 412 1986 Κύρνε,
432 1934 517 1971 κατ’
531 1933 725 1978 ἠλιβάτων.
741 1934 879 1972 BROD.
891 1933 1037 1972 Alludit
1053 1933 1097 1972 ad
1112 1932 1306 1984 Theodgssi-

42 1987 99 2026 dis
122 1989 258 2039 po'etae
279 1999 433 2026 carmen
456 1987 546 2026 illud
570 1987 616 2026 de
637 1997 880 2040 paupertate,
900 1987 1006 2038 quod
1031 1987 1070 2025 in
1092 1986 1305 2038 Progymn.

44 2039 260 2092 Aphthonii
281 2040 321 2079 in
339 2040 542 2080 sententiae
564 2041 846 2080 exhortatoriae
870 2040 1050 2093 exemplo
1069 2039 1210 2078 exstat:
1237 2038 1309 2090 Χρὴ

47 2093 169 2133 πενίην
195 2106 239 2141 φ.
264 2094 336 2133 &c.
352 2094 415 2133 Ad
438 2095 513 2133 hoc
534 2095 628 2147 jtem
652 2094 774 2134 allusit
798 2095 958 2133 Lucian.
981 2095 1027 2132 de
1041 2094 1164 2132 Merc.
1179 2092 1307 2131 Cond-

48 2147 321 2187 Theodoretus
335 2161 494 2200 quoque
508 2148 553 2186 de
568 2148 702 2187 Curat.
717 2148 855 2188 Graec.
870 2146 1009 2186 Affeft.
1023 2147 1085 2186 lib.
1099 2146 1135 2185 ΙΙ
1149 2146 1311 2185 adducit.

38 2200 195 2241 'Coc-N.
213 2201 270 2239 Ex
289 2202 490 2247 Homero,
509 2212 554 2240 ut
569 2201 699 2254 postea
718 2201 860 2252 πετρῶν
876 2200 960 2238 κατ’
978 2198 1185 2247 ἠλιβάτων,
1203 2198 1310 2251 quod

47 2267 98 2294 ex
115 2255 251 2293 eodem
272 2254 336 2294 est.
361 2255 534 2294 Eoum).
554 2256 666 2293 Vana
686 2254 739 2293 est
759 2253 955 2293 haesitatio
976 2253 1089 2291 Fabri
1103 2254 1202 2291 inter
1216 2254 1313 2291 hanc

47 2306 278 2354 leffionem,
292 2308 333 2347 &
353 2321 451 2354 eam,
467 2321 566 2361 quae
586 2309 624 2346 in
637 2308 875 2360 Theognidis
895 2307 1126 2346 editionibus
1144 2305 1314 2352 obtinet3

51 2374 132 2414 qua
153 2373 218 2400 aut
237 2362 293 2401 uti
308 2374 389 2401 non
408 2362 559 2408 debuit,
580 2372 645 2400 aut
661 2362 796 2400 melius
810 2361 987 2413 oportuit
1005 2359 1043 2399 se
1060 2360 1153 2398 inde*
1165 2358 1317 2409 expedi-

52 2428 117 2463 re,
137 2428 227 2454 cum
242 2416 279 2453 id
295 2415 435 2468 posset,
455 2428 535 2465 non
551 2415 698 2454 auxilio
716 2415 869 2454 Stobaei
884 2415 922 2454 δι
937 2413 1150 2458 Plutarchi,
1169 2413 1234 2464 qui
1249 2424 1319 2463 po-

50 2478 208 2507 tuerunt
224 2469 329 2508 aliter
341 2470 473 2517 citare,
484 2482 598 2522 quam
615 2469 826 2516 Lucianus3
841 2466 902 2507 sed
915 2468 1108 2506 Lucianus
1121 2465 1156 2505 se
1170 2464 1246 2518 ipse
1259 2465 1320 2503 de-

20 2532 24 2533 ’
48 2520 182 2572 fendit,
204 2521 441 2576 ostenditque
461 2524 500 2562 in
518 2522 646 2563 libello
665 2522 711 2563 de
724 2522 903 2563 Mercede
917 2519 1116 2615 cogchuffls
1132 2532 1213 2573 cap.
1234 2532 1268 2573 ς,
1281 2518 1324 2558 &

1061 2602 1079 2626 2
