1737 3378
387 228 480 292 478
609 225 1147 296 TANAQUILLI
1199 230 1440 280 FABRI

380 329 458 356 rea,
476 324 516 348 ut
536 325 578 349 ex
600 315 776 349 veteribus
800 315 1015 360 Geographis
1039 316 1178 352 constat.
1205 319 1284 353 hinc
1308 321 1422 366 itaque
1437 324 1529 368 quod
1545 325 1663 363 hodie-

385 373 454 406 que
481 373 499 393 a
519 361 658 394 Graecis
675 361 798 393 incolis
815 360 988 394 Parnass‘us
1012 361 1152 395 Liacura
1174 363 1312 398 dicitur.

432 413 511 458 Pag.
525 424 579 455 75.
599 415 623 447 Ι.
641 424 672 457 3.
690 405 744 444 ἴΩ
762 413 946 458 θαυμάσιε)
966 415 1112 460 Honesta
1125 419 1328 463 appellatio:
1353 420 1437 461 nihil
1454 422 1539 465 apud
1557 423 1663 458 Grae-

380 469 444 492 cos
462 458 644 501 scriptores
666 457 892 502 frequentius.
911 460 959 492 ita
979 461 1000 490 ὣ
1017 455 1172 502 γεννάδα,
1192 463 1214 493 ὦ
1233 462 1376 505 γενναῖε,
1399 461 1422 496 ’ὦ
1444 462 1582 507 aiamim
1595 493 1605 510 ,
1623 469 1659 502 δι

379 505 448 536 alia
474 503 644 536 sexcenta.

432 550 501 581 ead.
520 550 543 580 l.
565 559 593 587 5.
615 547 855 591 Δευκαλίωνες)
883 547 949 581 Etsi
976 548 1123 588 constet,
1151 551 1266 593 plures
1289 551 1388 585 fuisse
1409 555 1662 600 Deucaliones,

379 604 426 626 eo
440 601 550 625 tamen
565 592 748 636 confugere
762 593 847 625 nihil
866 593 994 626 necess'e
1015 593 1076 632 est3
1100 595 1156 626 sed
1169 595 1264 627 locus
1282 606 1409 630 tantum
1425 601 1659 643 explicandus.

383 638 542 681 intellige
561 637 665 681 igitur
685 648 812 680 poenas
833 637 866 669 ὃ(
883 638 1091 671 calamitates
1116 639 1307 678 θεηλάτους,
1330 645 1452 685 quihus
1474 645 1657 680 humanum

380 693 491 726 genus
511 681 572 714 sub
592 683 801 714 Deucalione
823 693 929 724 paene
947 684 1067 725 periit,
1088 685 1235 717 leviores
1259 684 1342 726 esse,
1361 699 1459 731 quam
1475 698 1515 722 ut
1536 689 1601 723 &c-

431 734 511 779 Pag.
535 735 589 776 76.
615 737 639 766 l.
662 746 692 766 2.
719 729 807 766 Muti}
833 734 1039 778 aim-pirus)
1061 736 1178 776 Vetti,
1204 749 1240 768 ne
1262 740 1396 779 legentes
1419 744 1554 786 quiderm
1580 755 1656 778 nam

380 779 580 822 metaphora
594 779 638 812 est
651 778 749 810 dusta
764 778 824 811 ἀντὶ
846 780 904 811 -τιῖἱν
929 782 1045 812 στηλῖῶν
1063 779 1351 823 ἄνατετραμμέιῗων.

428 827 497 857 ead.
521 826 544 856 l.
569 835 597 863 5.
622 823 753 865 Σωτῆρα
770 823 824 856 καὶ
841 822 1022 868 εὐεργέτην)
1044 825 1124 858 Fere
1146 827 1342 871 plerumque
1366 828 1424 862 has
1445 830 1526 865 duas
1549 842 1656 867 voces

382 870 658 912 coniungebant;
683 869 837 912 exempla
856 869 902 901 ita
924 871 1056 909 crebra,
1080 879 1120 902 ut
1140 871 1252 914 pigeat
1274 874 1450 916 colligere:
1472 876 1656 919 aliquando

379 915 483 947 etiam
503 914 659 945 dicebant
679 914 775 955 σωτὴρ
804 912 859 947 καὶ
881 914 962 948 θεός.
991 914 1160 948 Plutarch.
1184 917 1218 947 in
1239 916 1313 948 vita
1331 918 1467 951 Dionis.
1495 920 1654 954 Ceterum

380 959 486 990 miro.-
499 984 507 999 ,
523 957 614 1001 quod
628 957 715 990 dixit
729 958 849 990 Cicero
861 983 869 997 ,
887 960 984 1000 σατὶερ
1002 958 1117 991 1.αεὶηο
1137 972 1198 991 uno
1212 961 1300 992 verbu
1317 965 1443 1005 exprimi
1459 976 1521 996 non
1533 966 1655 1008 potest:

380 1014 457 1034 nam
471 1003 618 1045 servator
632 1002 717 1034 idem
734 1002 815 1034 facit
832 1003 966 1043 Latine,
985 1004 1074 1047 quod
1093 1004 1223 1037 Graece
1240 1006 1348 1046 πατέρ.
1371 1008 1655 1052 Terentius:ser-·

378 1050 483 1079 ram'x
497 1059 574 1079 mea.
592 1047 630 1078 In
647 1047 778 1079 Graeco
794 1047 883 1080 haud
899 1048 998 1080 dubie
1013 1057 1085 1080 erat
1101 1051 1231 1092 σώτειρα
1243 1076 1251 1091 ,
1267 1051 1345 1093 quid
1359 1051 1447 1084 enim
1462 1054 1575 1086 aliud?

425 1094 494 1123 ead.
512 1093 537 1124 l.
553 1090 586 1124 6.
605 1089 681 1124 Ἐπὶ
695 1091 806 1123 ταύτην
820 1094 872 1124 τὴν
887 1090 1060 1136 ἐσχατιὰν)
1080 1092 1172 1126 Cave
1185 1092 1226 1126 fis
1245 1095 1329 1127 idem
1347 1106 1424 1128 cum
1439 1096 1498 1129 illo
1515 1096 1656 1140 sentias,

379 1137 440 1180 qui
457 1136 580 1174 vertit,
600 1137 642 1166 ad
665 1147 796 1168 extrema
815 1137 949 1169 redaffus
972 1138 1113 1179 consilia.
1135 1138 1221 1171 nihil
1240 1139 1385 1182 nequius
1407 1141 1474 1173 dici
1495 1150 1555 1175 aut
1570 1141 1654 1188 fingi

373 1180 504 1225 potest,
523 1181 583 1213 Dii
599 1180 702 1212 beni!
728 1180 852 1214 Saltem
872 1181 1072 1214 meminisset
1090 1182 1262 1216 Homerici
1284 1184 1399 1217 illius:

465 1233 586 1274 Ἀγροῧ
607 1231 654 1265 ἐπ’
671 1231 831 1275 ἕσχαιτιῖεν.
851 1230 901 1267 ‘0¹91
923 1230 1076 1274 δυ’-ματα,
1093 1233 1158 1268 δίς.
1181 1234 1299 1279 Odyss.
1320 1248 1353 1276 4.
1376 1237 1477 1269 item:

465 1276 529 1313 εΩς
550 1273 578 1309 ‹5'
597 1275 652 1309 (ὅτε
680 1291 721 1312 τις
742 1273 833 1311 ἆαλὸν
858 1274 972 1323 emnil?
994 1278 1138 1322 ἐνέκρυψε
1155 1287 1288 1324 ‘ustam-v

466 1322 587 1364 Ἀγρσῖῖ
607 1321 654 1356 ἐπ’
676 1322 844 1365 ε’σχατιῖς,
866 1319 889 1366 ᾧ
905 1326 950 1364 μὴ
975 1324 1061 1367 πάρει
1087 1325 1222 1366 γείτονες
1246 1324 1350 1357 ἄλλοι.
1374 1324 1491 1369 Odyss‘.
1511 1336 1541 1367 5.

376 1378 514 1420 ἕσχαιτιὲι
532 1378 598 1409 hoc
619 1377 752 1421 quidem
772 1380 848 1410 loco
868 1379 954 1411 nihil
973 1379 1064 1411 aliud
1082 1379 1262 1423 quidquam
1283 1379 1346 1419 est,
1368 1391 1466 1423 quam
1484 1381 1654 1423 solitudo,

374 1421 537 1461 secessus,
556 1433 632 1465 pars
653 1423 741 1455 ruris
761 1423 936 1456 remotior.
962 1423 1110 1467 Hesych.
1133 1423 1167 1456 &
1188 1425 1450 1468 Harpocration.
1480 1425 1650 1462 Lucianus

375 1467 464 1500 infra
481 1467 620 1499 vocabit
636 1465 829 1510 simpliciter
848 1467 956 1510 ἀγρόν.

417 1513 487 1544 ead.
501 1513 526 1544 l.
548 1523 598 1555 13.
618 1507 761 1552 Νιὲὁυμον
773 1513 786 1556 )
800 1513 936 1556 Reliqui
949 1523 1069 1546 vocem
1083 1512 1245 1547 Graecam
1259 1514 1293 1546 in
1307 1512 1481 1552 verfione;
1497 1512 1542 1547 est
1555 1513 1647 1548 enim

376 1555 548 1599 respeClus
566 1556 605 1588 ad
622 1556 721 1589 Hom.
743 1559 868 1590 locum.
1589 1563 1593 1566 ’

416 1602 491 1634 ibid.
527 1595 746 1645 ’Emmmlnj
770 1602 914 1634 Somnus
944 1602 1151 1645 Epimenidis
1182 1600 1369 1635 notiffimus
1397 1601 1442 1636 est
1467 1613 1511 1636 ex
1540 1603 1646 1648 Diog.

374 1645 532 1685 Laertio,
554 1646 673 1685 Suida,
689 1645 724 1678 ὅ(
742 1658 810 1690 quo
831 1646 924 1679 non?
949 1647 1012 1680 Sed
1034 1647 1187 1691 inprimis
1210 1646 1454 1680 observandum
1472 1647 1535 1687 est,
1553 1648 1647 1692 quod

375 1690 441 1722 iam
463 1691 580 1724 dicam.
606 1690 730 1723 Auctor
753 1690 797 1724 est
818 1692 1006 1735 Diogenes,
1031 1703 1107 1724 eum
1130 1691 1331 1735 Olympiade
1358 1701 1466 1724 vau
1494 1692 1648 1726 Athenas

376 1734 525 1774 venisse,
548 1736 663 1768 urbem
688 1734 856 1775 lustrasse,·
881 1748 917 1768 ac
946 1735 1168 1780 pestilentiam
1191 1735 1324 1769 sedasse.
1351 1735 1414 1769 Sed
1439 1737 1472 1769 id
1492 1737 1551 1781 qui
1570 1735 1647 1771 fieri

375 1781 509 1823 potuit,
528 1792 602 1812 cum
621 1781 726 1820 dicat,
744 1781 873 1813 Niciam
896 1781 990 1813 illum
1014 1782 1163 1814 Nicerati
1187 1779 1294 1813 filium
1308 1806 1316 1820 ,
1340 1781 1432 1814 clade
1453 1781 1566 1814 Sicula
1583 1793 1648 1814 no-

370 1826 473 1857 bilem
487 1850 494 1863 ,
515 1825 550 1856 in
569 1826 701 1858 Cretam
714 1827 754 1859 ad
768 1837 844 1859 eum
859 1824 987 1858 missum
1005 1825 1126 1859 fuisse?
1148 1825 1250 1869 Quod
1269 1826 1408 1859 evenire
1425 1837 1493 1858 non
1511 1826 1647 1869 potuit,

372 1868 437 1901 nifi
458 1871 556 1902 annis
577 1870 649 1913 post
669 1871 745 1913 plus
767 1871 878 1903 minus
909 1879 1024 1903 chx.
1057 1870 1151 1904 Plato
1178 1879 1290 1903 autem
1313 1871 1371 1903 lib.
1397 1880 1408 1903 1
1434 1870 1475 1904 de
1497 1870 1643 1915 Legibus

371 1915 421 1946 ait
438 1914 611 1946 advectum
627 1926 703 1948 eum
715 1915 864 1948 Athenas
882 1915 936 1957 7th
954 1917 1012 1947 τᾶν
1025 1915 1183 1958 ssepa-tx&
1203 1910 1281 1948 δέκα
1299 1913 1379 1947 ἔτεσι
1394 1926 1403 1947 t
1426 1915 1459 1947 id
1473 1915 1538 1948 erit
1553 1915 1642 1948 circa

370 1959 607 2002 Olympiadem
622 1958 906 2004 septuagesimam.
920 1960 957 1992 Id
973 1971 1056 1992 vero
1079 1961 1137 2004 qui
1156 1970 1237 2003 pote
1249 1984 1258 1998 ‚
1275 1971 1350 1992 cum
1368 1970 1483 1992 omnes
1499 1971 1569 1992 uno
1585 1971 1646 1993 ore

371 2002 515 2035 afferant
526 2028 533 2042 ,
548 2003 645 2037 fuisse
659 2003 766 2047 ipsum
781 2004 917 2037 Solonis
931 2004 1146 2038 familiarem?
1163 2005 1319 2037 Viderint
1331 2005 1444 2047 itaque
1455 2004 1526 2037 alii.
1540 2004 1644 2037 Certe

375 2045 496 2087 ἆμφίῐν
516 2048 656 2091 &aiz-epm·
671 2060 746 2080 nam
764 2058 823 2080 aut
842 2047 971 2082 necesse
987 2048 1050 2088 est,
1064 2050 1099 2081 in
1117 2061 1221 2082 unum
1238 2049 1464 2092 Epimenidem
1478 2049 1640 2082 collatum

372 2092 488 2130 fuisse,
505 2093 594 2135 quod
615 2093 654 2126 de
671 2094 824 2136 pluribus
845 2093 966 2125 dicium
990 2093 1120 2132 fuerat3
1140 2095 1195 2138 (id
1211 2093 1301 2137 quod
1316 2093 1413 2137 saepe
1432 2092 1495 2126 usu
1510 2092 1640 2126 venisse

372 2137 500 2169 constat
517 2139 551 2169 in
569 2139 707 2181 multis)
726 2147 784 2170 aut
799 2149 916 2170 verum
930 2139 1012 2170 illud
1029 2139 1110 2177 erit,
1125 2139 1215 2182 quod
1229 2139 1268 2171 de
1286 2139 1344 2170 illo
1360 2138 1527 2181 quondam
1547 2138 1640 2170 dixe·

371 2193 409 2214 re
427 2182 561 2221 Cretes,
577 2193 683 2214 annos
708 2183 868 2215 videlicet
893 2191 993 2214 ccxc
1012 2182 1145 2217 vixiss'e.
1171 2182 1258 2216 Esset
1282 2182 1337 2214 hic
1356 2181 1529 2215 latissimus
1553 2193 1639 2214 cam-

370 2238 435 2270 pus
449 2225 692 2270 scripturienti.
712 2227 869 2259 Ceterum
886 2228 1000 2267 miror,
1010 2227 1292 2272 diligentissimum
1303 2226 1538 2261 Casaubonum
1557 2226 1639 2260 haec

370 2271 412 2303 ad
427 2272 614 2315 Diogenem
637 2271 854 2315 praeteriifl‘e.

413 2324 492 2368 Pag.
509 2336 564 2366 77.
588 2327 612 2358 l.
641 2337 670 2358 1.
699 2324 820 2368 Οἴτης)
852 2325 950 2358 Error
979 2325 1183 2360 manifestus.
1207 2326 1384 2370 legendum
1401 2325 1490 2358 enim
1511 2323 1637 2360 Αἴτνης·

368 2369 512 2402 fulmina
527 2371 622 2402 Iovis
636 2381 678 2402 ex
693 2371 816 2409 Aetna,
832 2371 891 2414 qui
908 2382 1004 2403 mons
1023 2372 1103 2404 olim
1124 2380 1290 2415 perpetuo
1307 2371 1440 2403 ardebat
1463 2370 1635 2409 incendio,

368 2415 505 2446 accendi
526 2415 573 2446 ait
590 2415 771 2448 Lucianus.
790 2415 842 2447 De
859 2415 947 2448 Oeta
967 2417 1014 2448 nil
1031 2418 1097 2449 tale
1113 2416 1217 2459 legas.
1234 2418 1278 2449 At
1294 2415 1358 2454 ibi,
1378 2415 1530 2458 inquies,
1546 2414 1630 2447 Her·
1676 2457 1688 2461 ἱ

369 2459 462 2492 cules
484 2468 648 2492 crematus
669 2458 734 2492 est:
756 2459 876 2493 fateor.
902 2460 983 2503 quid
1002 2461 1096 2494 tum?
1114 2461 1165 2493 Ex
1185 2471 1271 2494 eone
1288 2469 1441 2504 tempore
1461 2470 1558 2492 mons
1581 2470 1633 2492 ar-

367 2503 432 2537 sit?
450 2503 499 2535 Ne
515 2504 653 2537 dixeris.

406 2549 474 2584 cad.
503 2550 528 2584 l.
554 2559 584 2584 2.
607 2548 851 2595 Ἐναυσάμεγος)
878 2549 1054 2584 Libentius
1077 2548 1215 2597 legerim
1239 2547 1464 2591 ἐναυσάμενος,
1491 2545 1634 2584 maxime
