1737 3378
409 220 503 276 462
612 208 1486 258 ANNOTATIONES

410 303 459 342 Et
480 301 603 340 statim
618 313 688 339 cur
703 313 808 348 non,
821 310 866 338 ut
886 298 1038 339 iusserat
1050 298 1349 346 Bourdelotius,
1367 299 1408 339 δι
1431 298 1499 353 ipsi
1517 312 1690 344 canones

411 355 466 394 τῶ
471 370 486 394 ν
497 353 780 408 ’γραμματικῶν
792 352 950 393 τταιὸὣν
963 353 1111 399 iubent,
1123 351 1396 406 rescripserunt
1406 352 1607 407 sequentes
1617 357 1694 396 edi-

408 420 529 457 tores,
546 407 764 462 praesertim
779 406 864 447 Mff.
879 407 1119 452 volentibus,
1135 406 1492 459 περιελιχμιῖο-ατο;
1510 407 1564 447 est
1583 410 1691 449 enim

411 476 434 501 a
446 463 732 515 περιλιχμαζω.
749 461 922 502 GRAEV.
936 461 1120 501 Genuina
1132 459 1245 499 lectio
1263 461 1318 500 est
1331 459 1551 500 τηλικαῦτα
1568 463 1690 514 ὃργιζ.

404 529 530 568 quam
545 516 727 556 exhibent
742 516 784 554 L.
801 515 916 567 Angl.
932 515 974 555 &
994 514 1067 554 Ms.
1083 513 1152 554 Gr.
1175 526 1292 566 quam
1314 515 1455 554 iterum
1471 515 1585 555 habet
1605 516 1691 556 No-

411 570 486 609 ster
498 572 626 609 Ἀποκ.
640 582 726 622 cap.
743 569 780 608 8.
795 582 1030 622 quamquam
1053 567 1143 607 ferri
1158 569 1271 607 etiam
1285 568 1416 621 aliquo
1430 569 1550 609 modo
1564 568 1689 622 poffet

412 624 572 677 vulgata
579 622 743 662 τοιαῦτα
755 623 970 676 ἐργάζεται.
982 624 1105 675 Supra
1115 623 1187 660 iam
1200 622 1350 661 dixerat
1358 621 1580 661 τηλικαῦτα
1589 621 1690 676 ἀγα·

413 675 624 724 νακτῆσειν,
637 691 668 717 c.
691 691 722 728 5.
735 677 894 716 SOLAN.
905 676 1039 715 Videri
1054 675 1178 729 potest
1193 676 1352 728 vulgata
1364 675 1479 716 leffio
1490 688 1692 717 commen-

408 732 607 771 dationem
623 732 789 783 aliquam
804 731 943 770 habere
955 729 1067 782 supra
1077 743 1178 776 eam,
1196 742 1313 782 quam
1329 729 1453 769 Codd.
1466 729 1690 783 suggerunt,

354 806 359 811 ·
411 788 556 839 quippe
568 798 670 838 quae
682 784 792 824 fimul
805 783 1076 836 complectitur
1093 784 1242 822 &iram
1256 784 1389 830 Iovis,
1406 784 1448 823 δι
1464 797 1565 837 quae
1579 784 1690 838 post-

413 853 460 878 ea
473 871 486 886 ,
506 839 739 878 Prometheo
755 851 940 891 perquam
957 837 1045 876 sane
1059 837 1212 889 gravia,
1230 836 1319 876 sunt
1333 837 1560 878 consecuta:
1582 851 1691 891 prae·

411 893 539 933 sertim
554 893 580 931 s1
591 893 763 932 attendas
775 893 822 930 ad
835 904 901 938 ea,
918 904 1017 944 quae
1034 904 1127 930 mox
1146 892 1197 929 ab
1211 891 1416 930 hominum
1428 893 1688 944 comparatio-

412 961 462 987 ne
481 946 592 986 dufia
612 946 829 986 succedunt.
848 945 1055 993 Attamen,
1075 946 1261 997 quoniam
1281 946 1498 985 orationem
1519 959 1598 985 non
1618 947 1690 985 mi-

414 1015 486 1040 nus
502 1013 616 1040 ornat
631 999 854 1038 τηλικαῦτα
867 1000 1055 1053 ὀργιζεται
1067 1029 1077 1046 ,
1097 999 1190 1038 illud
1202 999 1286 1037 dedi
1299 1000 1443 1039 iudicio
1458 999 1487 1038 Ι.
1500 999 1551 1040 G.
1565 1000 1690 1040 Grae·

413 1056 467 1094 vii
486 1056 526 1094 ἃ
551 1055 682 1094 Solani
696 1085 707 1103 ‚
727 1066 770 1092 ut
794 1054 831 1092 in
852 1054 1065 1093 Lucianum
1088 1053 1210 1093 redire
1232 1051 1301 1091 sim
1323 1052 1467 1107 paffus:
1486 1054 1691 1094 innumera

412 1108 500 1148 sunt
517 1108 715 1162 exempla,
733 1108 800 1147 ubi
812 1107 1043 1161 ἐργαζεσῖὲαι
1063 1107 1105 1147 &
1123 1107 1342 1159 ὀργίζεσθαι
1356 1106 1500 1147 fuerint
1513 1107 1689 1147 confusa.

414 1164 578 1202 HEMST.

473 1222 546 1256 ead.
560 1218 583 1255 l.
602 1231 633 1269 5.
649 1215 844 1271 Μαγείρῳ)
859 1216 958 1255 Hor.
972 1213 1092 1254 Serm-
1111 1214 1146 1261 I,
1169 1228 1187 1268 3
1204 1226 1214 1254 Ξ
1235 1215 1276 1253 Si
1286 1214 1363 1269 quis
1373 1214 1609 1267 eumfirvum,
1620 1230 1689 1268 pa-

414 1272 519 1310 tinam
534 1272 592 1324 qui
605 1272 715 1310 tollere
727 1271 836 1322 iuſj'us
848 1269 999 1320 Settzesbs
1013 1269 1135 1323 pisces,
1149 1270 1358 1323 tepidumque
1371 1270 1534 1322 ligurierit
1553 1271 1623 1316 ius,
1643 1271 1687 1309 In

414 1341 508 1364 cruce
519 1326 664 1380 suffigat
673 1341 688 1372 ,-
707 1326 857 1363 Labeone
871 1324 1023 1375 infimior
1039 1326 1124 1362 inter
1137 1324 1251 1362 Sanos
1261 1324 1405 1363 dicatur.
1421 1323 1581 1363 SOLAN.

473 1383 547 1418 ead.
570 1382 592 1417 l.
615 1393 653 1426 7.
677 1377 1027 1430 Περιςλικμήσατο)
1047 1378 1178 1417 Scribe
1198 1377 1558 1429 περιελιχμήσατο,
1579 1388 1623 1418 ut
1647 1378 1688 1417 in

414 1433 568 1486 Anglic.
586 1432 685 1472 Cod.
706 1432 747 1471 δι
768 1434 818 1470 ita
841 1430 1114 1484 rescripseram.
1138 1432 1258 1483 tangit
1282 1443 1435 1483 coquos
1459 1431 1689 1479 cannones,

418 1500 589 1540 quorum
604 1486 829 1539 supplicium
843 1485 991 1538 flagella
1002 1517 1012 1533 ,
1029 1498 1125 1525 crux
1136 1516 1148 1534 ‚
1168 1485 1332 1525 candens
1343 1485 1497 1525 lamina.
1511 1485 1692 1525 dixerunt

416 1541 553 1594 interp.
568 1541 736 1579 Martial.
747 1540 789 1579 δε
800 1541 898 1580 Hor.
913 1539 1084 1579 Bovm).
1097 1541 1139 1578 F.
1152 1536 1688 1591 Περιελιχμίιο·αιτο.6υιετ.

415 1595 540 1635 Rec'te
558 1595 697 1634 eruditi
711 1606 965 1634 correxerunt
976 1591 1322 1645 περιελιχμήσατο.
1341 1591 1422 1646 Ipse
1434 1606 1595 1647 quoque
1608 1593 1641 1632 N
1647 1607 1690 1632 o-

417 1649 491 1689 ster
508 1647 606 1688 infra
624 1649 662 1687 in
676 1648 801 1688 Deor.
816 1647 973 1700 Dialog.
986 1648 1061 1688 XII
1074 1646 1460 1700 περιλιχμησάμενοι.
1482 1647 1583 1686 Mox
1598 1646 1690 1686 scri-

420 1704 589 1743 bendum
614 1703 779 1742 omnino
803 1704 1022 1751 ὃπτωμενων
1044 1703 1093 1740 ab
1117 1703 1265 1740 ὁπταω.
1292 1703 1404 1741 Nemo
1427 1717 1568 1755 coquum
1591 1716 1688 1741 cruce

419 1758 575 1796 multarit
585 1787 598 1804 ,
611 1759 705 1810 quod
716 1771 834 1796 carnes
855 1757 1004 1801 elixatzs,
1025 1755 1201 1808 immiffum
1218 1755 1350 1807 iuftuh
1369 1756 1510 1808 digitum
1533 1755 1629 1807 usus
1636 1757 1688 1808 fit

417 1813 699 1859 circumlambere‚
713 1825 777 1849 aut
793 1811 952 1850 nonnihil
968 1813 1126 1864 {offanum
1143 1810 1296 1849 carnium
1315 1809 1475 1861 amalfiam
1489 1811 1688 1861 deglutierit.

421 1865 527 1906 Idem
550 1866 733 1905 mendum
751 1864 899 1918 irrepfit
917 1865 955 1903 in
970 1864 1101 1904 Nostri
1122 1863 1373 1917 opusculum,
1386 1864 1538 1918 Fugitivi
1560 1863 1692 1904 inscri-

418 1933 530 1972 ptum
544 1950 558 1966 ,
582 1920 650 1959 ubi
668 1920 888 1969 ὀπτωμένων
903 1918 1126 1970 ἀνθρωπίνων
1143 1918 1340 1968 σωμάτων,
1363 1930 1443 1957 non
1464 1919 1692 1968 ὂπτομένων,

419 1975 634 2027 legendum.
649 1974 793 2012 Melius
806 1973 987 2026 scriptura
1001 1973 1094 2012 haec
1110 1971 1314 2011 observata
1326 1972 1364 2010 in
1375 1970 1490 2026 Epist.
1500 1970 1692 2012 Saturnal-

420 2029 488 2066 καὶ
502 2032 566 2066 τὴν
590 2027 741 2075 ἔλαφον,
762 2028 826 2065 καὶ
848 2029 900 2064 τα
918 2026 1112 2073 ἓελφακια
1132 2024 1284 2077 μεταξὺ
1299 2026 1518 2077 ὀπτωμένων
1539 2027 1616 2065 διε.
1642 2025 1688 2065 ln

422 2082 732 2133 Necyomantia:
751 2080 908 2134 Οἰμωγίι
930 2079 1003 2120 τῶν
1016 2081 1078 2119 ἐπὶ
1093 2079 1158 2119 τοι]
1178 2083 1291 2131 πυρος
1310 2081 1542 2131 ὀπτωμένων.
1555 2080 1693 2120 Similis

421 2136 618 2189 spurcities
649 2134 819 2174 foedavit
843 2135 1091 2174 Antoninum
1117 2134 1329 2173 Liberalem
1351 2146 1386 2173 c.
1416 2146 1485 2185 35,
1514 2133 1623 2173 Λύκοι
1643 2134 1690 2174 δὲ

423 2189 680 2240 συναντόμενοι
698 2190 762 2227 καὶ
777 2188 969 2238 σῇναντες,
983 2184 1226 2240 &emptio-arro
1239 2186 1303 2228 τῆς
1318 2186 1416 2227 aso&
1430 2187 1593 2241 Corrige
1603 2202 1688 2227 συν-

421 2245 634 2294 amsperto:-
654 2243 707 2282 est
719 2243 821 2282 enim
839 2243 886 2282 ab
903 2246 1172 2291 συναντάιομαι.
1189 2243 1277 2295 Lupi
1296 2255 1408 2280 autem
1429 2242 1561 2281 obviam
1576 2243 1664 2294 sdfli
1672 2271 1688 2288 ‚

424 2299 460 2337 δ’
478 2299 670 2345 adulantes,
682 2302 831 2336 ducrores
849 2296 888 2349 se
901 2297 980 2334 viae
997 2298 1232 2349 praebuerunt.
1257 2296 1405 2336 Mirum
1416 2327 1426 2344 ‚
1438 2297 1475 2334 id
1489 2294 1622 2349 fugisse
1633 2297 1688 2336 di-

420 2353 618 2405 ligentiam
641 2352 831 2396 duorum,
861 2351 927 2404 qui
950 2349 1154 2389 novissime
1178 2349 1399 2402 scriptorem
1430 2350 1536 2389 illum
1561 2350 1691 2390 edide-

422 2418 537 2454 runt,
584 2419 726 2445 uorum
752 2405 845 2443 alter
865 2405 978 2443 etiam
1002 2403 1182 2444 secundas
1203 2404 1292 2443 huic
1310 2402 1482 2457 scriptori
1505 2404 1688 2457 impendit

425 2473 549 2500 curas.
587 2471 672 2499 ENs.
693 2459 813 2498 Βεξὶε
827 2460 864 2497 in
877 2459 932 2497 ed.
952 2458 981 2496 Ι.
992 2469 1084 2498 erat.
1099 2459 1209 2499 Aliae
1227 2470 1362 2499 omnes
1384 2457 1596 2499 mendosae.
1612 2458 1691 2499 Re-

423 2514 484 2555 &e
503 2514 614 2556 etiam
634 2515 675 2553 in
695 2513 794 2554 Cod.
809 2513 850 2553 L.
870 2512 1026 2554 SOLAN.
