1737 3378
414 258 559 293 mxx
702 238 1429 299 10.FRED.RE1T7;IJ

413 365 551 404 quarum
563 345 658 399 prior
673 360 763 384 anno
790 359 876 396 ¹545
889 374 900 391 φ
925 346 1030 384 altera
1058 360 1140 395 ¹555
1162 345 1297 397 procfiit.
1324 347 1384 384 De
1405 346 1577 398 posteriore
1601 347 1664 387 illa

413 418 528 441 verum
547 400 674 453 quidem
698 401 764 452 est,
780 401 871 451 quod
886 398 1048 438 Solanus
1060 398 1196 451 prodit,
1215 413 1286 438 eam
1305 398 1354 437 ita
1375 415 1471 439 caeco
1488 403 1587 440 duflu
1604 417 1664 440 ve·

412 456 509 506 [ligia
525 454 656 505 primae
666 453 834 505 secutam,
858 465 896 491 ut
913 453 999 492 vitia
1019 453 1117 491 etiam
1133 453 1377 505 typographica
1389 454 1513 504 prioris
1529 453 1665 508 expres-

408 508 504 560 serit.
532 508 615 546 Non
637 520 745 545 tamen
773 507 813 544 id
831 509 913 545 adeo
926 508 1054 558 semper
1073 520 1207 554 verum,
1229 507 1309 559 quin
1334 506 1465 558 aliquot
1487 508 1572 547 locis
1597 523 1669 552 meg

416 563 529 600 liorem
545 561 646 600 etiam
663 560 829 599 leHionem
851 560 956 598 altera
980 558 1090 599 Bafil.
1115 574 1195 611 prae
1216 561 1326 611 priore
1349 560 1514 600 exhibeat.
1540 563 1615 600 Ex.
1634 576 1665 600 c.

415 617 452 654 in
467 615 530 654 Bis
547 614 644 654 Ace.
667 629 695 652 c.
720 629 756 660 r,
776 614 1031 660 ἐκκεκώφωται
1057 616 1133 651 νεέῖε
1153 615 1241 650 dedit
1259 614 1366 652 altera
1382 613 1469 661 illa,
1489 628 1564 654 cum
1573 614 1668 667 prior

417 670 506 710 male
535 683 608 707 cum
640 667 722 706 aliis
751 666 1017 714 ἐκκεκώφηται.
1048 667 1089 704 In
1117 665 1277 719 Philops.
1309 683 1339 706 c.
1362 673 1435 716 36,
1455 665 1668 708 ἐπαντλοῦν

418 725 494 761 bene
526 720 608 760 Bas.
634 736 681 767 2,
705 721 769 764 ubi,
789 717 1003 759 ἐπαντλοῦν
1029 721 1112 758 male
1139 718 1223 759 Bas.
1254 733 1284 758 1.
1310 721 1354 759 In
1380 719 1495 759 Dem.
1520 720 1614 761 Enc.
1637 736 1671 760 c.

418 794 494 826 44,
516 775 771 826 λαμβάνουσιν
791 777 867 812 reHe
887 774 1014 818 altera,
1038 772 1270 823 λαμβάνουσι
1290 788 1396 826 prave
1417 775 1520 826 prior.
1538 775 1620 814 Item
1631 774 1669 813 in

417 830 569 869 Soloec.
588 828 661 866 init.
695 825 777 866 Bas.
801 843 820 866 2
846 827 924 865 bene
952 826 1227 876 ἐπιστάμενον,
1252 842 1328 865 cum
1350 829 1446 879 prior
1471 829 1557 867 male
1586 828 1672 867 ἑπι-

421 882 623 932 στέιμενος.
649 880 747 918 Alibi
769 896 844 920 vero
868 881 967 918 etiam
990 895 1013 918 a
1032 880 1142 932 priore
1165 881 1307 931 receffit‚
1331 892 1371 918 ut
1397 880 1434 918 in
1452 879 1617 920 Icarom.
1639 896 1671 921 c.

423 940 496 982 28,
514 936 569 973 ubi
593 936 628 973 in
655 933 740 982 vers.
759 934 864 972 Hom.
889 929 978 986 εἶχε
998 934 1090 986 prior
1114 935 1299 979 habuerat,
1323 934 1430 972 altera
1456 933 1540 986 ἔχει
1561 934 1673 982 dea'it,

422 1003 560 1042 utraque
578 988 675 1027 male.
703 987 910 1027 Generaliter
925 999 1035 1025 autem
1056 987 1218 1040 affirmari
1237 989 1353 1039 potest,
1371 988 1554 1039 secundam
1577 988 1674 1040 istam

419 1044 543 1096 prioris
557 1042 640 1079 vitia
654 1041 809 1092 auxtffe;
832 1042 935 1080 veluti
955 1056 1028 1079 cum
1042 1040 1078 1078 in
1092 1040 1156 1079 Bis
1169 1039 1265 1079 Ace.
1286 1056 1313 1080 c.
1329 1057 1363 1080 12
1376 1071 1389 1088 ,
1413 1039 1579 1080 ἀκούοντι
1595 1046 1674 1079 reste

427 1098 468 1136 B.
485 1108 499 1135 Ι
527 1096 656 1133 haberet
669 1124 680 1141 ,
705 1096 810 1133 altera
833 1092 969 1134 ἀκούων
989 1107 1026 1132 τι
1035 1109 1139 1146 prave
1158 1095 1327 1146 expreffit,
1348 1110 1388 1132 ne
1400 1094 1556 1146 pluribus
1566 1094 1677 1133 leucri

426 1151 577 1201 molestus
595 1150 672 1200 fim.
707 1149 822 1199 Quare
846 1148 986 1187 miratus
1019 1162 1078 1200 ego
1092 1178 1105 1193 ,
1134 1162 1195 1187 cur
1213 1147 1376 1187 Solanus
1403 1159 1515 1186 tamen
1535 1148 1677 1188 alteram

425 1199 520 1256 longe
539 1202 678 1256 fiupius
700 1203 837 1254 alleget,
853 1217 952 1254 quam
966 1201 1107 1254 priorem
1120 1232 1131 1248 ‚
1149 1202 1267 1252 potius
1285 1201 1387 1240 habui
1401 1201 1604 1253 plurimisin
1625 1203 1677 1240 lo-

427 1259 475 1297 cis
500 1256 665 1308 consulere
687 1257 832 1306 primam
846 1270 862 1302 ,-
887 1271 954 1293 non
981 1255 1066 1293 enim
1093 1255 1131 1292 id
1149 1255 1282 1305 agimus
1295 1286 1307 1301 ‚
1325 1268 1366 1293 ut
1388 1255 1530 1307 vitiosas
1547 1254 1678 1305 potlffi·

425 1327 517 1350 mum
547 1312 695 1349 leHiones
720 1309 959 1361 conquirendo,
988 1324 1100 1347 earum
1126 1310 1351 1347 notandarum
1380 1309 1479 1361 copia
1506 1309 1680 1348 editionem

426 1365 584 1406 exornari
607 1365 780 1403 credamus
794 1393 805 1411 ,
828 1361 893 1414 ῥά
916 1375 954 1400 ut
983 1377 1027 1401 ex
1044 1363 1187 1415 optimae
1207 1375 1305 1401 notae
1326 1362 1423 1401 libris
1446 1362 1481 1400 δ’
1504 1365 1576 1401 edd.
1595 1377 1680 1416 pro-

426 1421 487 1458 bas
513 1418 660 1457 leffiones
685 1431 862 1463 eruamus,
890 1419 1118 1468 (quamquam
1140 1416 1284 1467 vitiofizs
1305 1417 1404 1455 etiam
1432 1431 1500 1455 non
1523 1417 1679 1457 omitten-

425 1475 491 1512 das
512 1471 710 1518 duxirnus.)

482 1524 592 1565 Bafil.
615 1536 769 1577 quartam
788 1523 871 1562 anni
892 1529 970 1572 1619
992 1521 1142 1573 nancisci
1164 1538 1232 1562 non
1255 1523 1408 1573 contigit.
1436 1523 1582 1562 Tertiam
1601 1537 1681 1564 vero

429 1579 519 1619 ibid.
544 1594 636 1617 anno
664 1593 674 1614 ι
681 1583 724 1627 56
727 1595 747 1629 ς
771 1592 828 1630 ap.
849 1577 1035 1615 Henricum
1061 1576 1154 1615 Petri
1178 1576 1300 1616 editam
1325 1578 1678 1624 Graeco—Latinam,

428 1649 504 1672 cum
528 1644 611 1672 nott.
641 1632 782 1684 Cognati
807 1631 843 1670 e>
868 1631 1026 1669 Sambuci
1046 1630 1154 1681 sterius
1178 1634 1296 1668 naHus
1317 1630 1419 1682 sum,
1446 1645 1547 1683 quam
1577 1637 1682 1670 ut'ea

429 1687 587 1726 adiuvari
601 1685 763 1736 potuerim
775 1701 792 1732 ,·
821 1699 878 1723 nec
896 1685 1036 1723 multum
1058 1698 1143 1736 opus
1163 1697 1243 1722 erat.
1272 1685 1415 1737 Cognati
1439 1684 1525 1722 enim
1545 1699 1588 1723 ex
1609 1685 1683 1723 Pa-

431 1742 532 1792 rislna
555 1739 774 1790 inseruimus,
799 1738 834 1775 δ’
855 1739 891 1776 in
912 1739 1072 1776 Sambuei
1094 1737 1278 1790 puerilibus
1300 1739 1390 1777 notis
1408 1752 1580 1791 perpauca
1602 1751 1684 1777 tan-

433 1808 502 1833 turn
523 1794 604 1832 lectu
628 1793 732 1843 digna
753 1792 916 1830 invenias.

484 1848 661 1886 Praeterea
683 1846 895 1885 adhibuimus
909 1843 1254 1884 Francofurtanam
1272 1845 1355 1883 anni
1377 1861 1387 1884 ι
1393 1850 1479 1895 546,
1502 1859 1585 1884 mere
1601 1859 1683 1898 quo-

432 1917 491 1955 que
519 1901 711 1946 Graecam,
750 1901 881 1938 duobus
911 1899 947 1936 in
967 1898 1083 1950 forma
1112 1899 1234 1938 minore
1257 1899 1355 1938 tomis
1388 1899 1678 1951 comprehenfizm‚

432 1971 491 1994 nec
519 1955 615 1993 vitiis
637 1954 888 2007 typographicis
910 1953 1095 2006 destitutam
1108 1982 1121 1998 ‚
1145 1968 1201 1991 nec
1225 1953 1366 1991 multum
1382 1953 1609 2006 singularitem
1631 1953 1680 1991 le-

434 2010 578 2048 Hionurn
605 2008 827 2055 exhibentem,
847 2023 913 2047 non
931 2018 1042 2045 tamen
1064 2009 1112 2045 ad
1127 2007 1308 2059 institutum
1322 2007 1466 2059 nostrum
1478 2007 1583 2058 plane
1605 2007 1686 2046 inu-

435 2064 547 2109 tilem,
569 2075 608 2100 ut
629 2076 673 2100 ex
700 2061 858 2100 indicatis
876 2076 964 2099 varr.
989 2061 1070 2099 Ith.
1093 2072 1243 2111 apparet.

491 2117 573 2155 Tum
601 2131 669 2154 non
695 2116 897 2168 negleximus
923 2112 1212 2154 Salmuriensem
1239 2114 1407 2152 Benediffi
1429 2113 1559 2154 Graeco
1582 2114 1690 2154 Lati-

435 2187 513 2210 nam
537 2171 690 2210 omnibus
711 2182 850 2215 notam,
875 2170 1003 2208 duobus
1025 2169 1062 2206 in
1084 2171 1201 2208 oft'avo
1218 2169 1316 2207 tomis
1339 2170 1448 2207 eodem
1466 2183 1558 2207 anno
1584 2175 1688 2220 1619,

437 2240 501 2278 quo
520 2224 714 2276 Bafilienfis
737 2235 857 2276 quarta
868 2253 882 2270 ,
902 2222 1073 2273 exc-usim.
1096 2224 1157 2261 De
1175 2224 1240 2261 hac
1257 2222 1478 2274 Salmurienfi
1487 2223 1689 2261 Bene-<lmus

436 2281 473 2318 in
488 2278 699 2330 praefatione
716 2278 883 2331 affirmat,
898 2278 938 2328 se
964 2278 1129 2315 Graecum
1150 2287 1339 2315 contextum
1365 2277 1423 2314 vel
1447 2291 1490 2314 ex
1511 2275 1706 2316 collatione.

439 2334 610 2372 variorum
638 2332 672 2370 6·
695 2333 907 2384 antiquorum
937 2331 1084 2370 codicum
1097 2360 1109 2376 ‚
1141 2330 1197 2368 vel
1213 2346 1255 2369 ex
1277 2330 1411 2382 proprio
1430 2328 1554 2368 iudicio
1581 2345 1690 2370 emen·

437 2386 540 2439 daffe.
560 2389 613 2425 Et
633 2386 789 2439 quamvis
809 2385 939 2424 mallem
956 2384 1152 2436 indicaffet‚
1174 2385 1229 2422 ubi
1248 2385 1352 2422 Codd.
1367 2384 1521 2431 ducibus,
1545 2383 1690 2436 ubisblo

439 2441 561 2480 iudicio
585 2439 664 2492 usus
677 2438 807 2490 suerit,
829 2454 942 2476 verum
967 2450 1076 2476 tamen
1100 2438 1162 2490 effe
1183 2438 1402 2490 deprehendi,
1426 2436 1591 2476 nonnulla
1611 2452 1692 2487 pro-

439 2497 475 2533 be
498 2496 542 2532 ab
563 2494 636 2546 ipso
661 2494 855 2532 emendata.
879 2508 961 2545 quae
982 2492 1017 2530 6³
1033 2492 1114 2531 mihi
1129 2502 1222 2543 Jucre
1247 2491 1436 2538 imitanda,
1460 2504 1498 2530 ut
1511 2492 1586 2543 suis
1605 2490 1691 2530 locis

440 2549 475 2589 in
499 2549 587 2588 notis
609 2547 822 2588 indicabitur.
842 2547 882 2585 A
903 2546 996 2588 vitiis
1014 2559 1097 2586 certe
1116 2546 1331 2599 typotheticis
1351 2546 1401 2585 ita
1412 2546 1516 2598 fitam
1527 2544 1707 2600 purgavit*
