1775 3383
222 259 455 306 SCRIP
479 255 770 331 TISQUE
814 254 1157 301 LUCIANI.
1257 267 1320 301 Χῖ

68 371 111 417 Sc
129 374 380 428 παμμιαρὸν,
403 377 456 413 ut
478 368 542 412 ait
558 368 732 412 suidas,
761 364 963 409 libenter
985 364 1203 419 fatemur,
1238 365 1323 424 qui

68 453 169 482 non
189 437 340 480 solum
360 432 449 478 Dei
467 429 813 492 providentiam
830 427 935 472 risui
961 429 1155 485 habere,
1181 429 1260 474 sed
1282 428 1323 474 SC

69 501 302 545 Christum
319 497 468 558 ipsum
484 530 495 551 ‚
512 495 706 540 humani
724 492 897 553 generis
911 493 1147 538 vindicem
1162 528 1174 548 ,
1195 495 1324 538 cavil-

66 565 120 610 lis
150 564 190 609 36
217 559 472 610 maledictis
495 556 701 604 insectari
728 558 867 603 fuerit
890 557 1046 601 ausus:
1081 568 1176 601 tam
1198 558 1326 602 ferali

66 629 194 674 rabie
210 663 222 684 ‚
256 639 311 672 ut
335 642 418 687 per
444 624 703 669 ludibrium
732 623 1104 675 ἀνεσκολοπισμένον
1132 626 1324 680 σοφιστὴν

68 695 280 739 scelerate
312 688 699 744 calumniaretur,
734 691 775 735 Sc
807 688 942 748 quod
962 686 1167 732 Ponticus
1202 687 1327 732 Visu-

67 761 166 804 nius
190 757 240 801 in
266 755 471 815 quadam
491 753 677 813 epistola
713 754 946 807 observat,
985 753 1170 797 Ioannis
1202 768 1327 811 quo-

69 837 164 881 que
185 820 493 881 Evangelium
517 817 775 865 incesseret:
810 818 943 878 quod
972 816 1030 861 de
1059 817 1326 876 philopatre

69 883 250 932 difflum
269 883 512 930 existimari
533 883 694 942 potest.
713 884 790 946 [At
809 899 967 942 neque
982 882 1250 943 Plzilopatrin
1270 881 1330 925 ab

69 950 237 996 Nostro
256 949 501 1010 scriptum‚
520 964 606 992 nec
621 948 848 1010 Peregrini
863 947 1058 992 nomine
1074 946 1303 1003 Christum
1315 980 1330 1000 ‚

68 1015 149 1061 sed
178 1015 387 1074 aliquem
419 1014 640 1076 Cynicum,
666 1014 796 1059 Pario
819 1011 1116 1071 Hellesponti
1150 1010 1330 1070 oppido

69 1079 329 1125 oriundum
344 1114 356 1134 ,
384 1079 444 1123 de
464 1094 563 1137 quo
597 1077 756 1123 Gellius
779 1078 952 1136 aliique
981 1076 1143 1120 diserte
1165 1075 1331 1119 memi-

66 1155 256 1201 nerunt,
271 1145 347 1189 vel
363 1154 621 1203 martyrum
638 1143 878 1202 quendam
895 1141 978 1186 sub
991 1140 1234 1185 Antonino
1248 1139 1291 1182 V
1294 1156 1332 1182 e-

67 1226 121 1254 ro
145 1208 394 1271 designari,
418 1208 517 1252 satis
546 1220 760 1267 apertum
782 1207 853 1252 est.
889 1205 1012 1251 Vide
1036 1206 1210 1266 Gesner-z*
1226 1203 1331 1248 Dis-

67 1274 166 1318 sert.
185 1274 244 1318 de
266 1273 517 1333 Philopatr.
538 1272 766 1331 notasque
790 1271 997 1317 eiusdem
1017 1269 1057 1315 Sc
1076 1271 1226 1314 solani
1242 1267 1331 1312 Foe

69 1339 210 1400 brique
239 1338 297 1382 ad
323 1338 543 1397 Peregrz'n.
577 1353 645 1396 pr.
675 1335 716 1381 Sc
739 1336 856 1397 quid
894 1336 952 1380 de
989 1334 1236 1380 Christiana
1265 1349 1334 1377 re-

65 1403 238 1466 ligione
265 1403 444 1450 sciverit
477 1401 758 1460 senseritque
787 1401 1044 1456 Lucianus‚
1085 1399 1167 1459 ipsi
1202 1398 1329 1443 dice-

70 1484 176 1512 mus
207 1466 266 1511 ad
290 1467 435 1511 finem
455 1466 592 1510 huius
614 1466 659 1510 V
663 1466 790 1526 itae]

135 1531 262 1577 Deos
294 1543 417 1576 certe
441 1531 663 1577 Ethnicos
686 1533 818 1576 coelo
854 1530 1048 1576 deducit
1085 1529 1333 1593 graphice,

68 1605 248 1641 tantam
268 1596 576 1656 impietatem,
594 1606 691 1640 tam
711 1595 906 1655 profana
920 1596 1085 1640 scelera
1103 1595 1238 1639 nullo
1261 1594 1332 1638 di-

71 1662 184 1706 vino
203 1661 382 1705 honore
403 1660 637 1723 dignanda
654 1676 860 1722 arguens.
884 1660 940 1705 Id
959 1660 1158 1720 quidem
1177 1655 1334 1703 haele-

70 1743 160 1771 nus
187 1742 273 1770 nec
293 1726 488 1788 indigne
511 1740 599 1770 nec
619 1725 791 1785 impie:
822 1736 867 1769 at
892 1724 1027 1784 quod
1051 1724 1162 1768 inde
1182 1724 1335 1785 ingra-

70 1803 145 1835 tus
164 1791 423 1835 homuncio
440 1826 451 1846 ,
477 1806 564 1835 nec
589 1790 731 1835 exsui
757 1789 894 1849 ipfius
919 1789 1115 1848 quidem
1131 1823 1142 1844 ,
1173 1800 1228 1832 ut
1249 1788 1336 1831 alia

71 1867 248 1899 taceam
263 1891 274 1911 ‚
299 1857 376 1900 vel
399 1855 602 1915 corporis
619 1856 696 1900 vel
715 1854 857 1899 animi
876 1855 990 1898 mira
1009 1852 1228 1898 strufflura
1241 1888 1253 1903 ,
1275 1851 1336 1896 ad

71 1920 282 1980 aliquam
299 1921 396 1966 Veri
416 1920 507 1965 Dei
520 1954 532 1976 ,
554 1918 594 1964 Sc
611 1921 684 1964 vel
704 1919 863 1964 saltem
882 1919 1055 1981 ignoti,
1074 1917 1337 1962 Athenien-

72 1985 192 2029 sium
218 1987 466 2045 exemplo,
490 1985 797 2030 reverentiam
830 1984 1000 2046 erigere
1031 1983 1121 2027 sese
1150 1984 1226 2026 vel
1249 1998 1337 2025 vo·-

73 2049 241 2105 luerit,
274 2052 350 2094 vel
385 2050 624 2111 potuerit,
667 2050 746 2093 sed
773 2048 1116 2109 Epicureorum
1149 2047 1338 2092 fatalem

75 2114 388 2159 necessitatem
405 2149 418 2171 ,
449 2114 582 2159 omni
601 2126 735 2159 metu
749 2113 964 2158 Deorum
986 2113 1167 2157 sublato
1184 2147 1196 2167 ‚
1223 2127 1338 2155 exo-

76 2178 272 2223 sculatus
305 2179 564 2235 admiserit,
601 2180 651 2223 id
674 2194 787 2223 vero
825 2189 1057 2223 extremae
1089 2176 1339 2238 impietatis

68 2242 190 2307 effe,
211 2244 347 2304 ipslus
371 2245 551 2307 gentilis
570 2245 783 2300 arbitrio,
802 2260 900 2288 non
917 2243 1174 2306 ignoratur:
1198 2260 1223 2287 a
1243 2257 1338 2300 qua

62 2308 251 2352 'infame
275 2325 454 2354 nomen
483 2309 595 2353 ἀθέου
620 2309 802 2369 optimo
830 2309 929 2353 iure
958 2308 1238 2368 promeritus
1263 2306 1339 2349 est.

79 2371 264 2436 [immo
295 2390 438 2419 nemo
473 2375 616 2437 magis
646 2375 832 2419 fatalem
865 2374 994 2418 illam
1027 2373 1338 2417 neceffitatesn

79 2437 201 2482 rifit:
240 2439 411 2498 inspice
443 2440 593 2484 nostri*
615 2441 703 2485 Iov.
735 2440 902 2502 Confut-
936 2439 1140 2482 maxime
1173 2455 1209 2482 c.
1237 2435 1339 2494 4.7f.

80 2500 122 2546 86
150 2518 184 2547 c.
221 2515 257 2555 7.
292 2504 377 2548 ubi
412 2506 561 2549 servos
591 2505 834 2549 Parcarum
865 2515 1000 2548 vocat
1033 2503 1184 2558 Deos,
1214 2503 1244 2545 fi
1272 2500 1337 2544 fa*

81 2577 131 2611 to
161 2567 358 2613 obnoxii
380 2568 547 2614 forent.
575 2569 663 2614 Sed
690 2581 796 2616 ante
821 2569 979 2615 omnia
1004 2584 1038 2614 c.
1066 2568 1117 2614 18
1134 2602 1148 2625 ,
1174 2566 1256 2612 ubi
1276 2565 1338 2609 fa«
