1737 3378
354 236 985 285 PRAEFATIO.
1200 251 1308 289 XCV

34 347 134 394 deit,
157 357 238 385 non
258 344 307 384 ab
326 344 440 383 initio
462 342 577 382 libelli
595 345 634 382 de
648 342 764 396 Lapfic
778 342 853 382 διε.
871 342 931 382 sed
947 343 995 382 ab
1011 343 1067 383 his
1087 343 1125 383 in
1145 357 1196 385 eo
1219 358 1312 386 vet·-

37 402 119 446 bis,
137 399 179 439 τό
202 397 421 450 παρέιιῖοξον
442 396 508 437 τῆς
527 395 868 449 προσαγαρεύσεως,
885 410 985 448 quae
1006 398 1044 436 in
1061 397 1161 438 lunt.
1177 401 1313 440 editio-

38 467 86 494 ne
103 468 139 506 p.
156 468 197 507 31
209 469 230 492 2
245 462 468 493 occurrunt.
488 449 662 498 Desinit,
680 450 775 488 serie
792 451 977 490 continua
991 454 1310 505 quaternionum,

37 521 127 548 cum
149 518 271 548 Lxm.

285 560 344 599 Ex
372 558 419 611 63
451 556 770 610 quaternionibus

237 616 348 655 deme
375 613 426 656 46
455 611 520 664 qui
544 612 693 663 periere
708 640 722 656 ,

190 676 348 716 habebis
375 665 440 724 ⁸17
456 673 729 726 quaterniones
754 670 978 725 superstites.

91 731 160 785 qui
185 730 287 770 ducti
307 731 344 769 in
380 729 427 768 16
455 728 615 781 paginas
635 725 822 780 cuiusque
843 725 1131 780 quaternionis,

136 785 310 826 efficiunt
341 796 430 824 102.
816 782 818 784 ’

376 851 438 883 17.

348 893 440 950 2—73
459 911 545 952 pag.

217 954 326 995 aufer
409 970 434 999 4
462 967 548 1007 pag.
568 952 775 1001 laceratas,

166 1017 324 1057 habebis
345 1008 437 1056 ἶῖἕ
462 1017 640 1070 paginas,
661 1015 801 1069 quibus
826 1014 951 1055 codex
977 1028 1081 1056 nunc
1104 1015 1267 1056 constat.

40 1078 285 1120 Constiterat
310 1091 462 1127 autem,
493 1091 585 1117 cum
607 1078 754 1130 integer
778 1077 869 1117 effet
889 1091 911 1117 a
932 1079 1076 1132 capite,
1107 1078 1208 1119 mille
1229 1079 1269 1119 δε
1289 1079 1315 1120 8

42 1134 215 1187 pagini53
240 1133 307 1185 qui
327 1145 511 1173 numerus
532 1145 584 1172 ex
604 1132 651 1185 63
681 1133 1002 1184 quaternionibus
1028 1134 1068 1172 in
1093 1134 1139 1174 16
1160 1135 1318 1186 paginas

39 1189 184 1228 nunus
211 1186 429 1227 conficitur.

102 1242 188 1294 Ego
201 1241 350 1281 ratione
363 1241 456 1279 inita
468 1240 672 1293 comperio
687 1238 761 1279 268
776 1239 856 1279 illas
866 1271 876 1287 ‚
891 1240 1032 1293 quibus
1046 1254 1149 1282 nunc
1168 1242 1318 1283 constat

43 1296 184 1336 Codex
194 1325 207 1343 ,
220 1295 376 1335 efficere
396 1309 438 1348 31
449 1309 470 1332 2
483 1293 582 1333 Iunt.
598 1294 778 1333 editionis
789 1294 956 1347 paginas.
976 1295 1090 1341 1008,
1104 1295 1246 1349 quibus
1261 1298 1322 1336 in-

46 1362 154 1404 teger
167 1348 363 1389 constabat
377 1379 390 1395 ,
414 1349 631 1388 efficiebant
650 1362 663 1386 1
674 1358 761 1401 173.
787 1350 854 1401 qui
868 1362 1054 1388 numerus
1066 1349 1161 1389 vera
1172 1350 1321 1391 summa

44 1403 192 1458 (1274)
215 1416 282 1442 101
301 1404 451 1456 paginis
467 1402 596 1450 distat3
617 1402 758 1455 quibus
786 1414 853 1442 aut
875 1415 896 1441 a
919 1401 996 1442 fine
1015 1404 1219 1443 multatum
1251 1418 1321 1445 co-

49 1459 171 1499 dicem
189 1456 345 1497 c-enseas
358 1467 515 1510 oportet
526 1486 541 1502 ,
561 1457 680 1496 autin
698 1469 748 1495 eo
763 1469 842 1495 non
859 1445 1035 1497 exstitiffe
1054 1457 1183 1511 spuria
1202 1472 1324 1512 quae-

41 1513 159 1559 dam,
187 1524 352 1551 numero
371 1523 438 1560 lv,
465 1511 606 1565 quibus
627 1510 668 1550 δι
693 1510 895 1551 titulorum
918 1513 1070 1551 numeri
1094 1511 1253 1561 distant,
1277 1522 1324 1554 ut-

44 1565 160 1621 supra
187 1566 378 1605 monitum
404 1565 470 1605 est.

153 1673 325 1716 Contuli
345 1686 422 1727 ego
443 1673 529 1728 post
550 1673 598 1713 cl.
613 1671 779 1712 Ienfium
807 1617 842 1782 ἕ
864 1620 1053 1777 Ξῖσζῑγςξ
1071 1662 1243 1727 integros

863 1742 981 1780 yvlm.

47 1784 90 1825 in
121 1784 265 1837 quibus
284 1782 448 1837 paucula
474 1795 496 1820 a
516 1782 606 1820 viro
632 1779 848 1820 dofflffimo
876 1781 1009 1820 omissa
1033 1780 1262 1829 observavi,
1285 1782 1324 1823 in

51 1837 229 1892 reliquis,
252 1839 342 1891 quia
362 1836 609 1882 festinabam,
639 1847 684 1874 ea
710 1847 860 1874 tantum
886 1836 970 1875 loca
999 1835 1198 1882 consului,
1223 1850 1326 1890 quae

45 1892 147 1943 *mihi
173 1893 375 1946 negotium
399 1890 639 1930 faceffebant.

109 1947 267 1987 Scholia
289 1946 470 1998 quamvis
495 1944 566 1983 sint
589 1943 795 1996 aliquando
823 1943 1008 1991 evanida3
1041 1943 1181 1983 alicubi
1210 1945 1329 1985 etiam

53 2002 193 2050 vvitiato
220 2000 376 2045 codice,
411 1999 514 2043 nulla
542 2012 618 2052 ope
643 1999 716 2051 legi
748 1997 911 2050 poffint;
943 1997 983 2036 &
1010 1997 1170 2037 abtciffis
1198 2000 1330 2039 multis

21 2070 23 2072 ·
57 2055 317 2108 marginibus,
336 2066 416 2092 non
436 2054 648 2093 habeantur
662 2053 792 2091 omnia
806 2083 819 2099 ‚
840 2052 1068 2105 plerumque
1087 2065 1215 2092 tamen
1234 2067 1328 2093 cum

19 2152 23 2154 ,
57 2110 253 2150 Voffianis
274 2108 540 2155 conveniunt,
563 2120 631 2146 ant
649 2120 738 2146 cum
758 2107 907 2145 ineditis
929 2106 1142 2146 Galaeanis.

24 2209 27 2212 ,
112 2163 278 2203 Paucula
301 2173 430 2202 tamen
449 2163 564 2200 etiam
586 2162 624 2199 in
638 2163 691 2200 eis
712 2173 820 2199 nova
845 2172 869 2198 a
891 2173 976 2208 me,
997 2172 1118 2213 quam
1140 2161 1255 2214 potui
1274 2160 1330 2200 di-

57 2217 325 2271 ligentiffime,
349 2216 436 2256 sunt
460 2216 642 2269 descripta
656 2245 667 2264 ,
697 2215 908 2268 praeloque
931 2227 1019 2253 cum
1042 2215 1197 2268 reliquis
1223 2228 1334 2270 paraq

62 2283 100 2313 ta
130 2286 241 2326 ¹707·
262 2271 422 2312 SOLAN.

238 2380 412 2426 Codices
456 2380 655 2425 Vaticani
692 2376 790 2440 Mffi
828 2395 927 2440 quos
970 2379 1155 2443 inspexit
1191 2381 1194 2385 ’

61 2534 66 2540 ,
382 2470 498 2516 10.
567 2468 1001 2515 MASSON.

55 2588 62 2595 .»
120 2561 177 2603 V.
208 2573 240 2601 1.
264 2573 368 2616 perg.
387 2558 456 2601 fol.
478 2558 543 2601 n‘3.
565 2571 630 2613 90.
649 2556 802 2601 videtur
818 2566 868 2597 x1
889 2554 1015 2614 seculi.
1041 2553 1180 2611 Incipit
1200 2568 1224 2597 a
1240 2561 1334 2604 Φαλ.
