1737 3378
418 238 509 285 2ss
616 211 1479 265 ANNOTATIONES

404 307 623 359 μαίνονται,
649 304 686 342 id
712 303 886 343 omnium
916 301 1070 341 minime
1099 313 1289 343 mutatum
1318 305 1483 345 vellem:
1517 304 1674 350 videtur

407 360 510 399 enim
528 370 602 396 tam
619 359 808 397 concinne
823 357 870 396 ad
889 366 1015 396 totam
1033 357 1248 396 orationem
1268 357 1496 411 respondere
1509 389 1520 404 .
1545 372 1586 399 ut
1603 363 1674 402 ali-

407 424 465 451 ter
487 410 593 450 fuiffe
614 409 795 464 scriptum
812 412 878 450 vix
894 410 984 448 mihi
1002 408 1255 462 persuadeam.
1272 411 1383 451 IDEM
1397 413 1432 451 ἱη
1446 415 1633 454 Addendis.

459 466 534 504 ead.
555 465 578 504 l.
600 477 657 504 10.
680 463 750 503 Τοῦ
763 462 882 503 λωτοῦ
894 464 910 511 )
932 464 1093 502 Homer.
1114 462 1250 515 Odyff.
1263 465 1296 514 Ι,
1309 479 1349 506 v.
1371 479 1434 519 93.
1451 466 1590 507 BROD.
1609 467 1673 509 Sic

407 518 446 558 in
466 518 585 571 Apol.
605 516 652 557 de
675 519 799 558 Merc.
823 517 1003 558 conduci.
1023 517 1195 556 BouRD.

461 574 534 611 ead.
550 573 572 611 l.
595 586 610 610 1
623 586 654 625 5.
672 571 745 621 Κᾷν
758 584 861 615 τινας
881 570 1037 623 ἑτέρους)
1055 570 1239 610 Excidiffe
1251 571 1313 612 hic
1325 572 1486 613 verbum
1499 573 1674 627 aliquod,

409 636 477 666 aut
490 636 720 679 corruptum
734 625 861 665 saltem
874 625 1003 663 locum
1020 623 1094 663 effe
1105 654 1119 670 ,
1136 637 1293 673 omnes,
1314 627 1477 679 opinor,
1498 626 1674 668 fatebun.

408 691 485 720 tur.
514 680 692 732 Suspicor
713 692 788 731 ego
809 677 961 718 &anam
984 676 1067 730 post
1095 679 1213 728 μανίᾳ
1244 678 1506 730 inserendum,
1530 681 1571 720 δι
1598 694 1675 735 pro

409 733 566 774 ὃιαθῶσι
592 733 795 785 legendum
813 732 900 771 πίω·
920 745 1030 784 Ὢουσι.
1049 732 1151 771 Vide
1171 744 1299 771 tamen
1319 747 1432 786 ‘yolum
1455 746 1538 789 cap.
1557 735 1605 782 6,
1630 735 1675 776 &

377 796 379 799 ’
410 789 548 839 ἀποφρ.
571 800 602 826 c.
629 800 689 839 25.
705 785 872 825 Consule
924 797 1010 824 nem
1032 785 1170 835 φιλοψ.
1191 799 1223 825 c.
1247 799 1309 834 40·
1331 787 1488 827 somn.

464 845 536 879 ead.
552 842 576 879 l.
596 839 654 879 16.
673 843 720 878 Tb
737 835 829 878 αὐτὸ
849 837 958 876 τοῦτο
979 837 1156 891 saxeam)
1171 839 1273 878 Nihil
1290 839 1344 879 est
1362 840 1510 888 causae,
1529 854 1598 881 cur
1611 840 1676 882 sa-

411 894 582 934 nissimae
603 893 757 932 lectioni
771 892 887 931 status
904 890 1166 931 controversia
1187 904 1407 934 moveatur.
1428 894 1565 935 Graeci
1583 894 1676 934 ‹1¹1oe-

411 947 547 988 τιθένοιι
568 945 786 986 accusativo
805 945 944 999 duplici
963 945 1187 985 comitatum
1204 945 1384 1000 usurpant
1396 947 1582 1000 potestate
1595 948 1676 989 sae-

411 1003 498 1054 pius
521 1002 572 1040 ita
591 1000 792 1053 singulari,
813 1010 857 1040 ut
876 1000 956 1038 vim
969 998 1141 1039 Graecae
1161 997 1331 1051 phrafios
1357 1002 1675 1054 interpretatione

413 1056 548 1095 Latina
561 1055 626 1092 vix
641 1053 780 1107 assequi
795 1055 921 1093 liceat:
942 1053 1043 1092 haud
1058 1065 1146 1091 raro
1160 1052 1381 1093 adverbium
1397 1055 1551 1104 accedit,
1567 1055 1678 1095 illud-

413 1121 493 1162 que
505 1108 678 1162 inprimis
691 1107 886 1161 frequens,
905 1103 1022 1146 οὕτως
1038 1105 1235 1152 διαθεῖναι,
1257 1103 1354 1146 ὥστε
1370 1108 1447 1147 &c.
1464 1107 1553 1160 Lys.
1570 1109 1677 1162 apud

414 1163 558 1202 Athen.
573 1161 689 1210 XIII,
707 1175 790 1215 pag.
809 1162 885 1200 612
902 1160 944 1199 E.
963 1160 1064 1199 Rern
1081 1161 1277 1200 nonnullis
1291 1162 1476 1214 exemplis
1490 1161 1677 1204 illustrare

414 1213 556 1269 opera'e
571 1216 734 1269 pretium
751 1215 843 1261 erit,
863 1227 910 1254 ne
930 1214 1136 1263 tironibus,
1155 1215 1477 1266 quemadmodum
1494 1216 1678 1269 interpre-

414 1280 498 1309 tum
512 1270 615 1309 haud
634 1270 726 1316 uni,
746 1269 838 1309 haec
854 1268 1001 1308 locutio
1016 1267 1059 1306 sit
1075 1268 1208 1307 fraudi.
1221 1268 1309 1319 Lys.
1325 1270 1365 1307 in
1382 1269 1503 1322 Agor.
1520 1283 1556 1322 p.
1578 1283 1650 1323 130
1662 1295 1677 1318 ,

416 1338 457 1364 v.
482 1337 545 1377 37,
564 1323 723 1373 νομίζων,
743 1323 771 1362 εἰ
790 1321 934 1362 scaea„
950 1319 1050 1373 ὑμᾶς
1064 1321 1223 1373 ἀπόρως,
1239 1320 1364 1374 ὥσπερ
1378 1321 1598 1374 &sennensi
1611 1340 1676 1363 vos

417 1381 466 1417 ad
483 1377 631 1428 inopiam
650 1377 836 1428 redegiffift,
855 1387 893 1414 ut
906 1375 1001 1427 ficit.
1022 1375 1197 1415 Aeschin.
1218 1378 1253 1414 in
1266 1376 1368 1415 Tim.
1388 1389 1426 1429 p.
1447 1389 1481 1429 5,
1497 1391 1537 1416 v.
1553 1378 1576 1414 8
1588 1407 1600 1423 ‚
1613 1380 1677 1418 τὸν

420 1433 498 1485 γὰρ
511 1429 578 1470 τὴν
595 1429 694 1470 isim
713 1430 828 1470 οὶκίαν
847 1429 972 1468 κακῶς
983 1425 1228 1470 &omninum
1250 1431 1314 1468 καὶ
1327 1432 1380 1468 τὰ
1397 1433 1503 1470 κοινὰ.
1523 1429 1591 1470 τῆς
1605 1429 1678 1470 πό-

419 1497 512 1523 λεως
525 1484 802 1535 παραπλησίως
821 1481 997 1536 ἡγήσοιτο
1018 1479 1220 1528 διαθήσειν,
1235 1498 1309 1522 eum
1321 1485 1428 1533 enim,
1449 1485 1506 1537 qui
1527 1499 1578 1523 res
1588 1485 1678 1537 ficas

419 1539 505 1578 male
515 1537 772 1590 administraret,
784 1540 879 1576 haud
891 1537 989 1575 aliter
996 1536 1032 1574 in
1042 1552 1106 1587 rep.
1121 1536 1331 1588 versaturum
1352 1537 1414 1590 cſjc
1428 1538 1653 1578 arbitrabatur
1664 1553 1679 1579 .·

418 1590 588 1631 {imiliter
608 1590 697 1642 Lys.
723 1591 759 1630 in
783 1590 946 1631 Philocr.
975 1605 1011 1643 p.
1042 1589 1109 1629 181
1127 1618 1138 1636 ,
1158 1604 1199 1630 v.
1224 1605 1288 1640 27,
1316 1590 1441 1632 κακῶς
1463 1591 1604 1632 (Ριαιθεὶς
1622 1595 1679 1633 τὲο

419 1643 489 1684 τῆς
511 1646 665 1684 πόλεως.
690 1644 890 1684 Demosth.
912 1645 952 1683 in
976 1644 1146 1684 Timoth.
1166 1657 1201 1697 p.
1228 1658 1327 1695 1074
1343 1644 1384 1684 F.
1411 1646 1511 1685 1106
1526 1645 1576 1686 A.
1595 1645 1624 1691 I.
1638 1646 1679 1687 in

418 1699 599 1752 Stephan.
620 1712 657 1752 p.
684 1701 761 1751 969
785 1699 833 1739 C.
855 1695 952 1738 οὕτω
971 1696 1112 1738 διέθηκε
1135 1697 1223 1738 τοὺς
1244 1697 1451 1745 acaunus,
1475 1695 1574 1738 ὥστε
1595 1713 1681 1751 <pm-
1736 1713 1737 1719 ¹

420 1754 480 1792 visu
491 1752 585 1802 μηθ’
601 1749 758 1792 ἥντινοῦν
778 1752 908 1792 ἐθέλειν
925 1751 1067 1791 ἀκούειν
1085 1749 1201 1802 ἡμῶν·
1217 1765 1306 1791 cum
1327 1765 1408 1806 quo
1428 1753 1612 1793 convenit
1631 1754 1680 1792 il·-

420 1807 488 1847 lud
509 1806 779 1859 Xenophontis
799 1806 900 1846 Hell.
915 1807 970 1855 V,
989 1819 1027 1859 p.
1049 1819 1146 1858 319,
1164 1805 1367 1859 postquam
1388 1805 1589 1856 narrasset,
1608 1807 1680 1846 mi.

420 1861 504 1900 lites
521 1860 725 1899 abeuntem
741 1860 955 1900 Teleutiam
977 1860 1156 1898 omnibus
1177 1861 1372 1899 honorum
1393 1859 1612 1913 favorisque
1634 1860 1681 1900 fi.

421 1915 504 1968 gnis
525 1913 631 1954 fuiss'e
649 1913 893 1967 prosecutos,
917 1914 1042 1961 addit,
1066 1926 1300 1966 qimmquam
1324 1914 1414 1953 nihil
1435 1926 1456 1953 a
1482 1912 1519 1953 se
1533 1915 1680 1967 praeci·

419 1976 542 2021 puum
554 1997 568 2014 ,
585 1968 689 2020 quod
703 1968 748 2006 acl
765 1968 853 2007 belli
866 1967 1032 2007 rationes
1045 1967 1086 2006 δι
1102 1968 1298 2007 machinas
1316 1968 1526 2021 pertineat,
1545 1967 1680 2009 referti

422 2032 503 2061 non
522 2022 671 2074 ignoret
685 2051 696 2067 ,
715 2020 792 2061 hoc
812 2031 939 2061 tamen
960 2022 1130 2073 inprimis
1145 2021 1526 2061 animadvertendum
1544 2022 1682 2070 videri,

422 2075 464 2114 ‘n'
476 2089 573 2114 ποτε
587 2075 700 2115 ποιῶν
716 2074 732 2114 ὃ
748 2075 951 2115 Τελευτίας
969 2073 1062 2114 οὕτω
1081 2073 1222 2114 διέθηκε
1238 2075 1322 2114 τοὺς
1345 2075 1585 2129 ἀρχομένους,
1607 2092 1676 2129 qua

423 2131 556 2168 tandem
577 2141 649 2168 arte
671 2131 877 2168 voluntatem
896 2144 1028 2175 eorum,
1054 2129 1172 2181 quibus
1196 2128 1402 2182 praefices-it,
1423 2141 1592 2182 tantopere
1610 2130 1680 2181 fibi

423 2182 620 2222 conciliarit.
643 2182 746 2222 Idem
770 2188 808 2222 K.
828 2186 876 2222 Π.
897 2183 952 2229 V,
971 2197 1007 2236 p.
1025 2183 1096 2228 86,
1117 2196 1156 2221 V.
1183 2196 1198 2220 ι
1212 2195 1245 2234 5.
1267 2182 1428 2223 Diversa
1443 2184 1596 2236 paulum
1614 2196 1679 2222 ra-

422 2237 532 2276 tione
549 2235 656 2275 Plato
669 2236 824 2276 Charm.
844 2248 930 2289 pag.
951 2235 1027 2285 468
1046 2235 1093 2275 C.
1116 2234 1242 2288 ὥσπερ
1261 2235 1417 2277 ποιητὴς
1434 2237 1677 2290 (ὀργίζεται)

422 2287 605 2340 ὑποκριτῇ
623 2289 749 2330 κακῶς
765 2289 969 2330 samsee‘m
987 2292 1043 2328 τὰ,
1061 2287 1194 2329 ἑαυτοῦ
1210 2289 1425 2340 mahumm-
1445 2290 1557 2330 Mars.
1580 2289 1610 2330 F
1612 2291 1679 2338 icis·

422 2352 498 2383 nus
517 2354 584 2383 aut
602 2356 683 2382 non
699 2343 850 2391 Latine,
870 2354 938 2383 aut
954 2343 1066 2390 male,
1088 2343 1208 2397 (haud
1222 2345 1324 2383 enim
1347 2343 1472 2391 facile,
1488 2355 1614 2384 utram
1635 2345 1677 2384 in

422 2404 570 2451 partem
596 2399 816 2450 peccaverit
829 2428 840 2445 ,
863 2397 1022 2451 statuas)
1044 2397 1226 2451 histrionem
1243 2398 1348 2451 inepte
1359 2397 1431 2449 sua
1448 2402 1606 2449 poc'mata
1624 2415 1677 2440 rev

423 2452 621 2504 censentem:
645 2463 687 2491 tu
710 2464 816 2505 cape,
840 2462 878 2488 ut
896 2456 997 2503 poita
1011 2452 1185 2502 succenset
1203 2453 1303 2490 affori
1326 2453 1413 2490 male
1432 2451 1502 2504 sua
1518 2457 1677 2506 poimata

422 2504 490 2557 (in
504 2504 641 2560 scena)
659 2507 830 2546 recitanti:
850 2518 932 2559 quo
946 2517 1047 2546 certe
1061 2497 1201 2545 inorbo
1219 2506 1404 2561 quidquid
1419 2519 1589 2560 unquam
1604 2504 1680 2548 fuit
