1737 3378
303 230 408 277 IN
473 228 1002 277 TIMONEM.
1195 232 1285 299 385

24 316 138 374 poffit
148 319 319 374 prolabi,
334 322 399 373 qui
415 321 587 360 nativam
602 319 741 360 Graeci
754 319 939 361 sermonis
957 320 1122 362 indolem
1137 336 1217 364 non
1231 337 1293 378 pe·

23 375 127 413 nitus
147 374 380 427 perspexerit
387 388 398 422 3
417 375 521 426 quod
534 373 705 413 Meurfio
718 373 873 414 defuisse
886 374 1129 416 scientissimo
1149 388 1294 419 cetero-

24 429 120 480 quin
146 426 348 467 universae
367 427 610 467 Graecorum
634 428 888 479 antiquitatis,
913 428 1100 468 affirmare
1120 444 1199 470 non
1221 446 1293 472 ve·

24 493 136 520 reor:
158 480 236 519 falli
249 479 286 519 se
304 479 428 532 passus
441 481 495 520 est
507 481 568 519 vir
581 481 758 532 egregius
774 480 846 519 isto
867 481 1017 533 vulgari
1029 512 1042 528 ‚
1063 497 1292 535 γραμματι-

28 534 112 580 κῶν,
123 533 343 583 φιλοσόφων,
359 532 491 586 ἰατρῶν
504 533 661 579 παῖδες,
677 534 908 585 putavitque
921 535 1015 573 nihil
1029 537 1194 583 obstare,
1208 553 1291 591 quo

28 588 154 626 minus
166 587 297 626 eadem
310 587 493 640 loquendi
505 587 602 625 ratio
615 599 636 625 e
648 599 811 626 numero
823 588 957 640 plurali
973 589 1151 640 migraret
1166 593 1202 630 in
1218 592 1292 632 sm-

26 639 216 694 gularem:
235 639 312 679 hoc
332 639 360 679 si
379 641 440 679 vel
460 639 618 680 Graecis
637 639 778 679 licuisse
794 653 937 692 ponas,
957 643 1197 693 probandum
1219 647 1292 685 uti-

26 707 105 746 que
121 692 259 738 fuerat,
273 693 415 732 Latinis
430 693 527 732 idem
542 692 729 746 placuiffe.
746 694 800 733 Ut
814 706 940 734 autern
954 706 1083 734 motae
1095 697 1293 737 difficulta-

25 749 55 787 ti
71 758 293 787 occurratur
305 778 317 794 ,
334 748 424 799 quid
441 746 469 785 fi
486 748 667 799 Megabuli
683 746 777 799 (hoc
790 748 835 786 ad
850 749 961 786 metri
977 748 1078 801 leges
1092 752 1218 803 aptius
1233 765 1293 791 re·

25 799 210 854 spondet)
222 801 322 851 filius
347 801 528 848 retineas;
547 813 626 839 non
643 799 865 850 sacerdotis,
885 801 947 841 sed
962 803 1034 841 viri
1050 803 1163 851 clari,
1183 806 1293 845 cuius

25 852 126 894 filius
144 853 357 894 sacerdotio
378 853 490 893 fuerit
515 853 687 893 sunaus?
707 854 771 893 Sin
792 855 923 902 malis,
944 855 982 893 in
1005 869 1119 908 quam
1143 857 1293 898 senten-

25 909 120 947 tiam
132 908 272 947 eruditi
288 908 363 946 viri
379 908 631 961 propendent,
643 909 949 961 Megabyzifillus,
968 908 1206 950 statuendum
1221 912 1289 961 est,

27 961 290 1014 Megabyzum
306 961 434 1008 istum,
444 973 646 1015 antequam
663 962 861 1001 imminuta
877 963 1056 1003 virilitate
1068 964 1291 1016 dignitatem

28 1013 231 1067 susciperet
246 1014 431 1061 antistitis,
444 1016 607 1063 liberos,
619 1015 870 1054 Theotimum
886 1015 1011 1055 saltem
1024 1047 1037 1062 ,
1057 1018 1268 1070 procreasse
1278 1051 1292 1069 ‚

25 1069 96 1121 qui
111 1069 342 1108 Theotimus
354 1069 527 1108 sacerdos
541 1070 692 1122 quidem
709 1068 889 1122 Ephefiae
904 1069 1072 1115 Dianae,
1089 1084 1169 1111 non
1186 1074 1292 1125 prin·

27 1135 117 1176 ceps
133 1122 212 1162 five
227 1123 470 1175 Megabyzus
483 1154 493 1171 ‚
512 1123 611 1175 (hoc
630 1123 743 1174 patris
758 1135 837 1162 erat
853 1123 1010 1175 munus)
1029 1123 1088 1163 sed
1102 1125 1294 1167 inferioris

24 1177 174 1228 gradus.
194 1177 379 1229 Suspicari
398 1189 524 1216 tamen
549 1177 678 1229 potius
696 1176 825 1222 lubet,
853 1178 937 1215 vitii
960 1178 1137 1229 quiddam
1156 1179 1193 1217 in
1214 1181 1293 1221 hoc

28 1229 207 1270 Plautino
220 1231 311 1270 loco
328 1229 488 1270 residere
501 1261 512 1279 ‚
532 1230 640 1282 quod
661 1230 772 1276 vide,
793 1242 840 1269 an
854 1230 903 1269 sic
918 1232 1043 1270 curari
1060 1232 1189 1284 poffit:
1210 1236 1292 1272 Me-

25 1285 216 1337 galobyzus
225 1285 361 1336 fidius,
384 1297 480 1337 pro,
506 1285 632 1323 medius
642 1285 776 1334 fidius:
795 1296 875 1337 quo
899 1285 1013 1336 pacto
1033 1287 1178 1338 optime
1204 1286 1291 1328 sane

26 1337 230 1377 sententiae
244 1337 459 1377 consultum
472 1338 553 1376 erit.
574 1337 703 1391 Ipsum
713 1350 811 1377 vero
831 1350 972 1377 nornen
994 1337 1156 1379 fueritne
1171 1341 1292 1393 digni-

25 1393 131 1439 tatis,
151 1391 439 1444 &splendidum
456 1392 651 1430 hominem
672 1392 772 1443 apud
787 1390 970 1444 Ephesios
986 1405 1029 1431 ac
1043 1393 1292 1446 magnificum

25 1446 184 1500 proprie
204 1444 443 1498 significarit,
469 1458 516 1485 an
537 1446 584 1484 ab
611 1445 829 1498 antiquiore
854 1446 1022 1498 quodam
1040 1447 1265 1499 Megabyzo
1278 1480 1293 1498 ,

25 1501 92 1551 qui
107 1497 252 1538 summa
267 1512 356 1539 cum
373 1499 481 1539 laude
494 1499 530 1537 in
548 1498 623 1539 hoc
643 1512 801 1538 munere
815 1498 859 1539 fit
876 1499 1070 1546 versatus,
1083 1502 1127 1539 ad
1146 1498 1291 1542 succes-

26 1552 130 1592 sores
144 1564 397 1606 propagatum
418 1553 585 1599 venerit,
607 1566 682 1606 ego
698 1553 852 1606 quidem
865 1584 876 1602 ‚
899 1554 967 1592 ubi
987 1564 1136 1594 veteres
1158 1554 1267 1595 filent
1276 1566 1295 1604 ,·

0 1636 2 1638 v
24 1606 183 1647 definire
199 1620 279 1647 non
303 1606 486 1647 sustineo:
509 1607 584 1646 hoc
605 1618 733 1645 tamen
752 1607 863 1646 docet
890 1608 1096 1646 memoriae
1119 1609 1293 1651 vetustae

0 1697 1 1704 ,
27 1660 143 1710 fides,
164 1660 309 1715 saepius
322 1661 390 1700 usu
404 1659 545 1700 veniffe
557 1691 570 1706 ,
591 1672 635 1700 ut
651 1661 761 1713 primi
778 1660 868 1700 {acri
881 1661 1025 1700 ordinis
1039 1662 1207 1702 auffloris
1220 1677 1293 1703 no-

27 1728 116 1754 men
129 1715 176 1754 ad
199 1715 371 1768 posteros
389 1716 614 1754 demanaret.
633 1713 677 1752 In
696 1713 798 1754 Olba
814 1714 918 1753 Iovis
932 1714 1116 1767 templum
1137 1716 1293 1757 Αἴαντος

24 1765 171 1822 ‘ispum
186 1767 250 1808 τοῦ
270 1770 435 1817 Τεύκρου·
453 1769 555 1808 unde
570 1767 603 1806 οἱ
617 1768 794 1807 πλεῖστοί
808 1782 861 1819 ’γε
880 1767 950 1807 τῶν
971 1768 1236 1820 ἱερευσαμένων
1249 1770 1294 1810 ὦ-

27 1823 222 1874 νομίιζοντο
242 1821 386 1875 Τεῦκροι
403 1823 421 1863 ii
439 1822 605 1862 Αἴαντες.
624 1821 746 1861 Strab.
761 1821 872 1869 XIV,
888 1835 972 1875 pag.
992 1821 1080 1875 989.
1098 1824 1293 1865 Lucianus
1314 1830 1324 1842 ⁹

27 1887 157 1916 autem
180 1877 295 1930 quin,
311 1889 354 1915 ut
377 1877 590 1928 Megaclem
609 1876 649 1914 ἃ
666 1875 915 1915 Protarchum
928 1906 938 1923 ‚
959 1877 1115 1928 vulgata
1137 1879 1292 1930 quidem

27 1930 125 1970 inter
140 1931 312 1971 Graecos
333 1932 507 1974 nomina,
533 1943 612 1969 non
635 1929 683 1967 ab
706 1928 776 1968 usu
797 1942 925 1968 tamen
949 1932 1168 1977 communi,
1187 1931 1246 1971 sed
1269 1945 1292 1971 a

27 1983 243 2024 Comoedia
261 2015 273 2032 ‚
296 1983 347 2024 fic
377 1985 417 2024 &
445 1984 710 2036 Megabyzum
741 1984 935 2036 petiverit.
960 1984 1119 2022 minime
1143 1985 1293 2026 dubito.

28 2037 122 2078 Fuit
138 2039 238 2092 apud
251 2037 435 2078 Comicos
447 2039 485 2076 in
497 2038 562 2077 ista
577 2050 678 2076 voce
691 2049 770 2076 non
789 2037 955 2090 potestas
968 2037 1090 2076 solum
1103 2068 1113 2084 ‚
1134 2050 1177 2077 ut
1192 2039 1294 2078 arbi-

27 2101 134 2140 tror,
161 2093 234 2132 viri
255 2092 379 2131 divitis
401 2092 441 2131 δι
463 2091 664 2145 splendidi,
688 2103 825 2130 verum
849 2102 1042 2143 praeterea
1067 2092 1311 2133 divitiarum·

29 2145 274 2186 ostentatoris
288 2146 417 2198 inepti.
437 2146 496 2185 Sic
519 2144 598 2184 fere
616 2145 751 2184 Crates
773 2146 872 2197 apud
891 2144 1034 2184 Athen.
1050 2145 1129 2191 Vl,
1153 2160 1189 2198 p.
1214 2147 1294 2195 248

32 2201 82 2240 A.
96 2201 234 2240 eximie
246 2199 439 2239 restitutus
454 2212 476 2237 a
490 2198 740 2238 casaubono:
760 2198 870 2250 ῥιγῶν
886 2198 923 2236 s’
941 2200 974 2236 ἐν
991 2198 1215 2251 Μεγαβύζου
1231 2200 1294 2239 ἑέ-

34 2253 147 2302 ierat
164 2254 228 2294 ἐπὶ
241 2253 369 2304 μισὲῷ
387 2254 499 2293 σῖτον·
521 2252 705 2304 Apollon.
728 2251 860 2303 Tyan.
879 2252 947 2304 Ep.
968 2251 1024 2290 II:
1047 2255 1066 2289 ii
1087 2254 1220 2304 προῖκά
1239 2267 1294 2306 7²

35 2309 224 2374 χρηστέον
237 2305 338 2356 αὗτῇ
354 2307 582 2360 (σοφιστείᾳ)
601 2309 689 2358 πρὸς
701 2305 789 2344 τοὺς
800 2305 908 2358 {vray
918 2306 1123 2358 χάνοντιις·
1138 2306 1298 2357 evelosa?

35 2361 109 2403 ήεΓη
127 2362 182 2401 σοὶ
195 2362 260 2402 καὶ
275 2363 329 2401 τὰ
344 2361 583 2414 Μεγαβύζου·
599 2360 756 2412 quoniam
768 2360 825 2397 tibi
841 2360 908 2397 iam
920 2370 1038 2412 partae
1047 2358 1134 2409 sunt
1147 2375 1224 2410 opes
1237 2362 1293 2398 in·

33 2429 161 2469 gentes,
173 2431 257 2469 quae
261 2416 476 2468 ficpercilium
493 2414 624 2454 tollant.
638 2414 731 2453 Vim
746 2413 934 2452 comicam
946 2411 1023 2464 ipsa
1037 2413 1199 2452 nominis
1214 2413 1294 2453 for-

33 2483 98 2510 ma
119 2469 267 2509 Graeca
286 2469 447 2508 multum
474 2465 650 2512 adiuvat,
673 2468 813 2520 quippe
833 2479 931 2519 quae
952 2465 1231 2517 complectatur
1253 2468 1295 2507 δε

35 2525 80 2564 τὸ
96 2524 212 2575 μέγα
224 2554 238 2569 ,
256 2536 303 2563 ex
325 2536 407 2575 quo
427 2522 569 2563 facium
583 2550 594 2570 ,
615 2530 661 2561 ut
678 2520 1096 2614 542727t0ss1330u5e133ti131m
1109 2521 1296 2569 dixerint,

110 2577 254 2617 Luci-m.
288 2578 368 2616 Vol.
397 2577 427 2616 I.
