1737 3378
442 219 528 266 180
641 212 1512 262 ANNOTATIONES

434 301 610 340 diffimilis
636 301 690 341 est
713 300 851 341 Christi
873 301 1044 342 doarina
1067 302 1114 342 de
1137 304 1238 344 areta
1259 302 1397 343 &lata
1423 313 1535 356 porta
1554 300 1699 343 Matth‘l

437 354 535 400 VII,
560 354 600 393 &
626 354 867 407 Pythagorae
888 356 933 395 de
953 356 1060 394 litera
1076 356 1250 402 bicorni,
1270 356 1315 394 de
1335 369 1411 409 qua
1435 369 1582 408 praeter
1601 358 1696 396 Vir-

437 407 513 459 gilii
536 420 688 448 carmen
709 409 891 448 videndus
914 408 967 448 est
989 409 1155 448 Laetam.
1184 410 1244 448 lib.
1269 408 1348 455 VI,
1372 422 1405 448 c.
1439 424 1479 462 3,
1502 426 1539 457 4.
1560 409 1697 449 Hefio-

436 461 544 499 dium
565 461 710 501 bivium
733 463 894 515 exponit
915 463 1026 502 etiam
1044 461 1152 501 Plato
1172 463 1209 501 in
1224 462 1374 514 Protag.
1397 463 1439 502 δι
1458 463 1503 502 de
1521 463 1594 502 LL.
1614 462 1697 511 1V;

438 526 512 553 nos
531 515 568 552 in
589 515 687 555 libro
708 515 922 555 nostrarum
944 516 1277 568 Mythologiarum
1300 515 1469 555 secundo
1485 515 1696 556 Herculem

436 566 663 608 Prodicium.
684 568 793 609 Silius
817 582 937 621 porro
960 569 1115 608 Italicus
1137 570 1230 615 XV,
1251 569 1520 620 Xenophontis
1535 568 1697 621 figmen-

438 631 521 660 tum
534 621 580 660 ab
596 623 765 662 Hercule
780 624 824 662 ad
843 622 1060 676 Scipionem
1076 622 1271 662 transtulit.
1288 622 1434 662 COGN.
1454 622 1596 662 Totius
1609 635 1698 661 nar-

438 675 597 714 rationis
622 675 700 714 sive
722 674 788 714 τοῦ
809 677 971 714 ἐνυπνίου
990 677 1188 715 exordium
1211 676 1375 715 sumtum
1398 688 1420 714 e
1445 675 1593 716 Prodici
1610 675 1699 715 Phi·

437 727 588 780 losophi
609 729 791 768 Hercule.
817 729 917 768 Suid.
937 729 975 767 in
999 728 1108 768 Prod.
1135 730 1271 783 aliique
1297 729 1419 768 multi.
1445 729 1596 769 Verum
1626 728 1699 782 fig-

437 794 610 821 mentum
626 782 715 820 illud
731 795 811 822 non
824 781 1006 829 Prodico,
1021 782 1081 821 sed
1093 784 1205 822 Xeno
1237 784 1343 821 lionti
1357 813 1368 828 ,
1384 782 1537 834 quidam
1561 781 1699 822 adscri-

441 834 594 888 pserunt
610 864 620 881 ‚
644 846 687 874 ut
709 835 790 874 Cic.
813 834 918 888 epist.
947 848 992 873 12
1012 835 1076 873 lib.
1102 850 1118 887 5
1138 837 1182 875 ad
1205 798 1308 874 Pam.
1330 835 1522 875 Scholiast.
1548 836 1697 876 Home-

439 889 472 927 ri
494 889 541 927 ad
571 903 617 936 14
640 887 776 939 Odyff.
798 889 987 928 Lucianus
1016 889 1086 927 hac
1115 889 1332 941 προσ-λαλιᾷ
1360 889 1374 938 §
1411 903 1466 939 ¹7·
1494 889 1597 928 Male
1621 890 1697 930 hoc

439 942 503 980 illi.
535 941 717 981 Prodicus
747 943 849 981 enim
882 942 994 980 huius
1026 941 1162 980 au&or
1189 943 1356 995 primus,
1387 952 1429 981 ut
1463 953 1565 994 patet
1594 943 1698 995 apud

439 994 558 1048 ipsum
574 995 887 1048 Xenophontem.
903 995 987 1048 post
1000 995 1164 1047 primum
1178 996 1374 1035 auetorem
1390 995 1450 1034 alii
1467 995 1558 1035 illud
1573 995 1699 1047 ipsum

439 1049 625 1101 tetigere,
654 1060 696 1087 ut
721 1049 826 1088 Max.
846 1049 947 1100 Tyr.
967 1047 1075 1087 serm.
1098 1065 1143 1096 4,
1162 1048 1347 1088 Themist.
1372 1048 1560 1100 Euphrad.
1582 1048 1699 1090 Orat.

445 1117 480 1156 3,
502 1102 553 1141 D.
568 1101 676 1141 Bafil.
691 1102 800 1142 Orat.
817 1103 864 1141 ad
885 1102 1026 1154 Nepot.
1041 1103 1212 1142 Eoum).
1228 1102 1394 1141 imitatio
1411 1102 1587 1142 Herculis
1605 1102 1699 1142 Pro-

439 1156 525 1195 dici.
548 1157 593 1194 de
616 1169 697 1208 quo
721 1157 810 1195 vide
832 1155 1011 1208 Xenoph.
1033 1156 1106 1194 ἀπ.
1121 1156 1170 1202 β’,
1194 1171 1229 1209 p.
1254 1171 1331 1209 429
1349 1156 1407 1194 ed.
1433 1155 1485 1195 St.
1511 1154 1594 1196 Cic.
1611 1155 1699 1196 Off.

440 1209 484 1255 Ι,
509 1224 576 1262 32,
593 1209 710 1248 Ovid.
734 1208 788 1249 111
804 1209 939 1248 Amor.
969 1223 983 1246 1
998 1237 1009 1255 ‚
1030 1208 1092 1248 Sil.
1106 1209 1190 1248 Ital.
1206 1210 1298 1256 XV,
1317 1208 1425 1249 Bafil.
1449 1208 1515 1248 De
1534 1210 1607 1263 leg.
1625 1209 1700 1250 Gr.

439 1263 507 1302 lib.
532 1261 671 1315 (Grot.
691 1263 747 1302 ed.
773 1263 863 1316 9¹·)
885 1263 1041 1303 Sorax.
1065 1261 1178 1314 Quin
1196 1275 1244 1302 ex
1267 1263 1437 1302 Hercule
1461 1262 1607 1303 Prodici
1631 1264 1699 1304 de-

442 1317 674 1369 litigantium
695 1318 792 1355 inter
814 1315 851 1356 se
872 1315 1213 1369 *Ερμογλυωικῆςὸε
1230 1316 1416 1356 Παιδείας
1437 1315 1533 1355 hanc
1560 1318 1698 1370 imagi-

439 1383 529 1409 nem
554 1369 740 1409 Lucianus
765 1382 887 1409 conce
917 1371 1014 1417 erit,
1035 1369 1179 1409 dubitat
1207 1383 1348 1418 nemo,
1374 1368 1583 1423 paffimque
1607 1384 1700 1410 eru-

440 1424 507 1462 diti
541 1423 612 1462 viri
641 1434 848 1471 notarunt,
913 1421 1045 1474 ausqu.
1071 1424 1113 1463 &
1141 1423 1410 1475 Drakenborg.
1440 1424 1485 1462 ad
1517 1424 1578 1463 Sil.
1607 1424 1697 1464 Ital.

442 1478 536 1523 XV,
562 1491 633 1523 20,
661 1477 689 1516 Ι.
713 1475 864 1515 Barnes.
886 1477 922 1515 V
950 1476 1113 1529 Euripid.
1139 1476 1154 1525 ἕ
1184 1491 1251 1522 ¹2,
1279 1477 1325 1515 ad
1355 1477 1619 1517 Homer.·0d.
1646 1478 1698 1518 N.

442 1529 541 1578 288,
565 1528 592 1568 I.
617 1530 666 1569 A.
690 1530 836 1569 Fabric.
863 1529 905 1568 B.
929 1528 979 1569 G.
1004 1529 1064 1576 ΙΙ,
1087 1542 1118 1569 c.
1154 1544 1199 1583 23
1234 1532 1274 1570 ὅ(
1297 1544 1360 1578 41.
1381 1530 1492 1582 Quid
1515 1529 1581 1570 fibi
1604 1531 1699 1571 velit

440 1583 737 1632 Bourdelotius‚
757 1596 844 1622 cum
860 1583 1072 1622 Lucianum
1094 1584 1192 1622 inter
1205 1595 1274 1623 eos
1292 1584 1423 1637 ponit,
1446 1584 1512 1636 qui
1527 1583 1699 1624 fabulam

440 1637 623 1677 Herculis
644 1650 725 1676 non
744 1636 932 1685 Prodico,
959 1635 1021 1676 sed
1043 1637 1295 1690 Xenophonti
1323 1638 1549 1684 tribuerint,
1569 1638 1701 1679 nullus

440 1691 563 1744 capio.
588 1692 750 1730 HEMST.

494 1748 568 1783 ead.
588 1746 611 1783 l.
640 1758 697 1783 10.
723 1745 850 1783 Bmicoc
875 1744 939 1783 noti
968 1743 1178 1798 καρτερῶς)
1201 1744 1262 1785 Sic
1284 1744 1391 1797 iungi
1419 1743 1528 1784 solita
1554 1743 1593 1784 in
1619 1746 1703 1792 Xe-,⁸

441 1799 644 1852 nophonte
659 1799 699 1838 δι
718 1798 885 1837 Platone.
906 1798 1080 1837 BouRn.

497 1856 569 1891 ead.
600 1854 624 1892 l.
652 1867 711 1905 ¹3·
734 1846 844 1892 “Omv
869 1846 959 1906 εἶχέ
974 1851 1054 1905 με)
1077 1850 1137 1891 Sic
1161 1851 1198 1890 in
1225 1850 1337 1905 Epist.
1369 1862 1528 1894 amator.
1546 1851 1699 1893 Philost.

439 1907 565 1946 IDEM.

494 1963 566 1999 ead.
589 1961 615 1999 l.
644 1958 703 2000 16.
724 1958 798 1998 Τῶν
819 1958 1020 2011 ἀλλοτρίων
1069 1956 1248 2012 Ἀγαθῶν.
1275 1957 1415 1998 BROD.

496 2015 585 2066 Pag.
608 2012 644 2052 8.
667 2014 690 2052 l.
722 2028 756 2052 2.
779 2013 835 2051 Τὼ
861 2012 995 2066 χεῖρε)
1045 2012 1080 2050 ic
1103 2012 1142 2050 in
1168 2011 1348 2052 omnibus
1373 2012 1413 2051 &
1435 2011 1519 2052 Mff.
1541 2012 1582 2052 &
1607 2013 1699 2055 edit:

439 2066 492 2107 sic
516 2066 646 2120 paffim
660 2096 671 2113 ‚
693 2078 736 2106 ut
752 2065 870 2115 infra,
892 2066 944 2105 τὼ
965 2064 1090 2120 χεῖρε,
1109 2065 1161 2104 τὼ
1180 2066 1313 2117 τέχνα
1325 2095 1334 2113 ,
1352 2065 1393 2105 &
1409 2065 1542 2106 similia
1559 2067 1599 2106 in
1615 2067 1698 2108 Pla.

440 2132 544 2161 tone.
565 2122 738 2160 BOURD.
1683 2144 1689 2147 -

494 2175 572 2214 ibid.
594 2173 714 2212 Τύλων
729 2172 866 2225 &uzo-r.)
883 2173 938 2213 Ut
957 2171 1100 2219 solent,
1117 2173 1255 2226 quibus
1274 2186 1295 2212 a
1314 2172 1458 2213 rustico
1473 2173 1601 2214 aliove
1616 2186 1698 2226 gra-

437 2224 1698 2334 32:35’1322.filiii?‘ffiffl{33251‘2'32‘32232223²²2&

439 2335 560 2374 Musis
577 2344 810 2388 operantur,
828 2333 1057 2373 adscribunt.
1077 2324 1230 2373 Divites
1249 2347 1292 2373 ac
1310 2345 1484 2386 potentes
1503 2335 1544 2373 in
1557 2335 1699 2375 Hiero-

439 2390 497 2428 nis
512 2389 672 2440 persona
692 2388 925 2427 Theocritus
948 2387 1122 2427 hortatur
1141 2388 1221 2427 Ecl.
1241 2387 1361 2436 XVI,
1385 2401 1432 2441 32
1445 2417 1458 2434 ,
1475 2398 1518 2427 ut
1539 2388 1579 2427 in
1599 2390 1696 2441 po'e-

438 2453 497 2481 tas
518 2441 645 2482 faciles
666 2441 737 2480 sint
752 2443 794 2481 &
815 2441 929 2494 largi,
944 2453 992 2480 ne
1013 2441 1164 2479 ἀκλεεῖς
1184 2441 1229 2480 ad
1244 2441 1506 2481 Acherontem
1520 2441 1699 2495 plorent,⁴

440 2495 545 2537 Ὧοέἱ
570 2509 627 2538 τις
653 2496 811 2549 μακέλᾳ
829 2494 1080 2546 τετυλώμενος
1097 2493 1209 2536 {isaei
1234 2495 1380 2549 χεῖρας.
1395 2493 1503 2535 Dion
1521 2493 1699 2551 Chryso}
