1737 3378
425 216 516 279 3&
630 207 1505 260 ANNoTATtoNEs

387 310 391 313 *
421 298 538 345 tenti,
558 293 726 337 fruftum
749 297 970 336 divitiarum
995 296 1189 350 aliquem,
1212 299 1319 350 quod
1342 298 1407 352 ipsi
1432 297 1704 353 reformidant,

384 356 388 360 ’
421 352 518 392 alios
536 365 672 405 capere
688 351 912 404 patiuntur?
935 351 1086 390 Verum
1103 351 1178 391 hoc
1195 363 1238 391 ut
1252 351 1390 392 faciant
1404 364 1555 394 tantum
1573 357 1701 405 abest,

423 418 470 446 ut
490 417 625 445 contra
647 405 747 444 illam
770 405 925 445 demum
942 403 1069 444 ἱκανὴν
1084 405 1304 445 ἀπόλαυσιν
1328 407 1567 455 existiment,
1589 409 1619 449 s1
1639 424 1703 451 ce-

421 471 528 499 teros
544 471 680 499 omnes
694 459 834 512 pariter
854 459 901 498 ab
916 457 986 498 usu
1002 471 1134 497 rerum
1157 458 1309 499 suarum
1323 462 1431 500 omni
1446 462 1676 514 prohibeant
1688 492 1703 513 ,

423 514 464 552 in
487 527 556 553 eos
586 527 667 553 non
695 514 822 553 minus
843 524 960 565 atque
985 512 1023 551 in
1047 510 1268 565 semetipsos
1290 515 1436 568 iniqui,
1463 515 1576 556 haud.
1592 515 1704 560 secus

424 579 470 606 ac
483 568 586 607 canis
602 568 650 606 ad
670 566 848 621 praesepe
864 567 940 606 ἃς.
971 566 1014 604 In
1031 565 1089 605 his
1108 567 1199 606 nihil
1220 566 1298 614 est,
1325 580 1369 608 ut
1389 569 1578 616 arbitror,
1593 571 1702 624 quod

424 622 513 675 quis
525 623 606 662 iure
621 633 812 661 mutatum
825 621 919 660 velit
931 649 941 666 ‚
956 619 1025 659 nisi
1038 618 1139 673 ipsos
1149 634 1360 661 avarorum
1376 635 1517 663 mores.
1533 624 1700 666 HEMST.

481 676 572 730 Pag.
589 675 652 730 85.
672 677 694 713 l.
722 689 753 714 t.
768 674 837 714 Τὴν
861 675 894 713 ἑν
913 672 960 724 τῇ
981 674 1102 724 φάτνῃ
1124 673 1233 728 κύνα)
1262 674 1438 715 Erasmus
1462 677 1501 715 in
1524 676 1705 718 Paroem.

426 730 535 769 Canis
560 731 596 769 in
615 729 780 783 praesepi.
806 729 946 767 BROD.
969 727 1031 767 Sic
1054 728 1142 767 alibi
1166 728 1351 769 Proverb.
1378 729 1470 769 κύων
1491 730 1527 769 ἐν
1549 734 1674 782 φάτνῃ
1689 763 1704 782 ,

424 783 477 824 fic
504 783 615 836 saepe
641 794 759 822 vocat
774 781 1030 834 philosophos
1051 782 1091 820 &
1114 784 1316 837 praecipue
1340 783 1539 836 Cynic05‚
1557 785 1703 826 obvios

423 837 676 891 insequentes.
700 837 858 890 Repetit
871 835 982 883 illud,
998 835 1177 875 adversus
1199 836 1412 877 indoctum.
1435 838 1611 878 Eoum).
1631 840 1706 880 Al-

424 892 522 931 ludit
541 890 735 930 manifeste
760 891 806 929 ad
824 888 965 942 Aesopi
990 887 1183 936 fabulam,
1197 903 1296 943 quae
1319 892 1357 930 in
1370 891 1532 946 Aesopo
1553 893 1707 934 hodier-

427 959 481 986 no
492 959 572 985 non
584 944 723 985 exstat:
741 943 898 984 eandem
915 945 1052 983 iterum
1066 944 1185 996 tangit
1197 957 1375 984 extremo
1387 945 1530 985 ἀπαιδὶ
1540 947 1701 987 SOLAN.

482 1003 558 1038 ead.
577 1001 602 1038 l.
625 1013 657 1052 3.
679 998 747 1037 Καὶ
773 998 928 1050 προσέτι
953 1012 1002 1051 ’γε
1029 997 1095 1035 καὶ
1123 1011 1214 1037 κατ.
1244 999 1341 1051 διε.)
1370 1000 1476 1039 Haec
1502 1001 1624 1040 verba
1653 1003 1705 1041 ita

430 1054 555 1107 vulgo
577 1063 810 1093 vertuntur:
838 1052 934 1104 Quin
958 1052 1057 1090 etiam
1079 1052 1212 1096 ridebas
1231 1053 1242 1090 i
1259 1055 1329 1099 ³05,
1350 1053 1408 1106 qui
1423 1067 1619 1105 parcerent,
1645 1057 1703 1108 ast

421 1109 673 1161 servareturque,
691 1107 726 1145 δ’
749 1106 858 1160 (quod
879 1105 958 1158 effet
975 1060 1266 1160 absurdtjffimumli
1276 1106 1314 1157 se
1333 1106 1426 1160 ipfhs
1441 1109 1610 1162 zelotypia
1619 1125 1706 1163 pro-

419 1163 658 1216 sequerentur:
679 1177 737 1201 nec
759 1160 978 1212 intelligerent
987 1159 1087 1211 sore,
1113 1171 1152 1198 ut
1173 1173 1234 1199 aut
1245 1160 1514 1213 sceleratiffimus
1525 1163 1717 1215 famulus„

431 1219 488 1255 vel
507 1231 725 1262 oeconomus,
749 1227 812 1252 aut
835 1229 1015 1268 puerorum
1039 1226 1234 1268 praeceptor
1244 1215 1367 1267 fitrtim
1383 1215 1534 1267 subiret,
1557 1217 1704 1261 ludibrio

432 1272 611 1310 habiturus
635 1269 799 1322 infelicem
819 1270 854 1308 6³
869 1270 1079 1308 inamabilem
1092 1270 1206 1308 lzerum
1219 1299 1232 1315 ‚
1250 1285 1345 1322 quem
1362 1272 1474 1323 postca
1477 1272 1576 1322 sinat
1587 1275 1637 1311 ad
1637 1271 1704 1324 fic.

429 1325 610 1377 liginosam
622 1325 658 1364 δ’
670 1325 739 1363 oris
751 1325 880 1377 angusti
894 1324 1115 1369 lucernulam,
1129 1338 1169 1362 ac
1183 1323 1396 1375 fiticulofitm
1408 1323 1601 1378 scirpulum
1616 1325 1703 1378 ufic·

432 1381 478 1418 ris
500 1380 692 1430 invigilare.
719 1371 989 1429 Praeterquam
1009 1377 1116 1430 quod
1135 1376 1226 1416 illud
1247 1393 1341 1430 quem
1353 1380 1466 1431 postea
1481 1379 1527 1418 de
1548 1378 1618 1419 suo
1636 1381 1703 1420 ad-

431 1433 547 1479 didit,
573 1433 667 1471 nihil
702 1433 832 1471 minus
860 1432 923 1471 hic
949 1430 1037 1471 fecit
1063 1431 1190 1470 bonus
1215 1432 1425 1485 interpres,
1455 1445 1572 1485 quam
1602 1435 1704 1487 cepit

430 1499 597 1527 mentem
610 1486 770 1526 Luciani
782 1516 793 1532 ,
815 1484 896 1525 five
910 1485 1034 1525 Iovis.
1057 1485 1199 1539 Agitur
1214 1498 1374 1538 nempe,
1395 1497 1437 1525 ut
1457 1487 1642 1533 diximus,
1657 1489 1704 1529 de

431 1540 681 1581 sordidissimo
701 1553 913 1580 avarorum
939 1538 1100 1593 genere,
1126 1552 1298 1592 quorum
1313 1540 1430 1578 animi
1453 1552 1559 1580 tanta
1579 1554 1706 1582 mace-.-

430 1607 565 1636 rentur
583 1606 873 1647 enecenturque
892 1594 1074 1640 avaritia,
1091 1606 1133 1632 ut
1160 1606 1240 1633 non
1261 1596 1379 1633 modo
1396 1594 1463 1648 ipfi
1478 1608 1559 1634 non
1572 1595 1706 1636 frnan-

431 1661 496 1690 tur
521 1649 678 1690 honeste
701 1649 817 1689 bonis
837 1647 935 1697 suis,
958 1647 1020 1687 sed
1047 1660 1094 1687 ne
1120 1647 1200 1687 aliis
1222 1649 1378 1701 quidem
1397 1650 1606 1702 quidquam
1627 1651 1707 1690 im-

433 1705 615 1758 pertiant,
627 1716 757 1756 eoque
771 1701 946 1742 vesaniae
961 1702 1214 1755 abripiantur‚
1229 1715 1272 1742 ut
1286 1703 1377 1742 dum
1391 1703 1624 1744 tenaciffima
1635 1717 1706 1744 cu-

432 1772 475 1798 ra
497 1760 637 1812 opibus
666 1757 740 1797 suis
766 1767 950 1811 parcant,
974 1756 1113 1808 easque
1141 1757 1315 1796 conditas
1338 1756 1516 1808 servent,
1538 1757 1609 1798 fibi
1636 1757 1707 1812 ipfi

431 1813 539 1866 quast
557 1812 774 1860 invideant,
794 1824 838 1851 ac
857 1811 977 1850 ferme
998 1808 1186 1858 diffidant,
1208 1823 1246 1849 at
1261 1811 1328 1864 qui
1348 1812 1550 1864 ignorent,
1568 1825 1707 1866 quem-

433 1868 642 1907 admodum
659 1866 827 1920 perditus
846 1865 982 1918 aliquis
1001 1864 1159 1910 servus,
1180 1865 1242 1904 vel
1257 1865 1512 1918 dispensator,
1528 1868 1592 1906 vel
1611 1880 1708 1919 pue·
1736 1892 1737 1895 =

434 1922 488 1960 ris
511 1921 728 1962 erudiendis
752 1918 989 1973 praefeRus,
1011 1919 1108 1958 clam
1132 1918 1338 1972 subrepens
1363 1919 1425 1972 (in
1445 1920 1578 1960 cellam
1598 1921 1707 1961 vide-

435 1976 545 2022 licet,
572 1975 638 2014 vel
657 1987 799 2026 penum
816 2003 827 2020 ,
852 1974 920 2012 ubi
944 1974 1052 2012 cibus
1074 1972 1264 2026 potusque
1288 1974 1531 2014 accumulata
1549 1974 1708 2015 serven-

436 2041 518 2069 tur:
532 2029 606 2068 tale
618 2029 712 2081 quid
725 2029 826 2067 enim
842 2028 904 2066 hic
919 2027 1080 2080 intelligi
1094 2028 1231 2067 debere
1241 2059 1254 2074 ,
1266 2040 1314 2067 ex
1329 2026 1405 2067 fine
1420 2031 1582 2082 paginae
1597 2042 1711 2081 prae-

437 2084 608 2123 cedentis
634 2082 822 2135 liquidum
845 2080 924 2134 est)
950 2082 1247 2134 intemperanter
1266 2081 1303 2121 se
1325 2082 1555 2137 ingurgitet,
1576 2095 1622 2122 ac
1644 2084 1708 2123 ba-

437 2137 537 2177 filice
560 2148 668 2190 agat,
693 2135 884 2175 infelicem
901 2135 942 2174 &
957 2135 1155 2175 morosum
1179 2137 1314 2175 herum
1336 2138 1381 2175 ad
1405 2137 1645 2190 fuliginosam
1662 2138 1707 2177 &

438 2193 517 2232 oris
539 2190 686 2244 angusti
702 2189 943 2230 lucernulam
965 2189 1089 2229 usuris
1108 2191 1184 2229 luis
1203 2190 1403 2242 invigilare
1428 2190 1562 2230 sinens.
1591 2192 1706 2240 Hoc,

439 2245 482 2285 δι
501 2245 593 2285 nihil
616 2245 739 2289 aliud,
759 2244 845 2284 vult
866 2244 1078 2291 Lucianus,
1097 2244 1241 2283 Servos
1255 2243 1383 2284 furtim
1399 2245 1623 2298 quibusdam
1639 2246 1708 2286 he-

438 2313 485 2339 ro
505 2298 576 2339 suo
595 2298 789 2347 subleffis,
815 2298 983 2337 hilariter
998 2311 1042 2337 ac
1058 2298 1266 2338 temulente
1285 2299 1439 2344 vivere,
1462 2300 1554 2338 dum
1578 2298 1708 2339 miser-

440 2354 561 2393 rimus
580 2354 716 2399 herus,
738 2365 781 2392 ut
803 2352 849 2391 ad
873 2351 1008 2392 iustam
1033 2351 1157 2392 sedeat
1178 2352 1372 2392 lucernam
1387 2383 1398 2400 ,
1421 2352 1468 2391 ab
1487 2352 1709 2394 avariffimo

441 2408 572 2447 animo
585 2408 791 2460 impetrare
808 2416 989 2460 nequeat.
1002 2405 1278 2458 Ἐμπαροιννὶσει
1296 2407 1388 2460 (pro
1402 2420 1484 2459 quo
1498 2407 1625 2447 multo
1638 2420 1711 2460 po-

439 2463 516 2501 tius
534 2462 700 2515 legerem
719 2458 988 2512 ἑμπιιροινήσῃ,
1012 2470 1058 2500 ut
1077 2459 1314 2513 significetur
1327 2492 1338 2508 ,
1362 2459 1534 2501 furacem
1550 2461 1706 2500 servum

439 2516 476 2556 id
497 2517 570 2556 iam
600 2513 855 2570 perpetrasse,
882 2514 927 2556 δι
953 2515 995 2555 in
1017 2513 1159 2556 secreta
1181 2515 1332 2556 aedium
1358 2526 1466 2570 parte
1496 2516 1709 2556 etiamnum
