1737 3378
374 237 919 286 EPISTULA.
1196 251 1286 284 cxx

29 343 100 386 meo
114 375 125 393 ,
154 344 222 385 iam
245 343 441 398 anteccffbri
465 346 561 396 apud
584 345 736 397 Ienenfi’s
758 345 930 397 praeclare
952 344 1106 393 merenti,
1126 346 1169 383 ab
1189 359 1289 398 eoque

23 400 129 454 petii,
154 412 193 439 ut
213 400 397 451 ubicunque
413 399 660 438 triumvirorum
680 399 827 437 alicuius
843 400 1034 437 mentionem
1051 401 1173 437 videret
1186 400 1288 449 fieri,

0 469 7 485 ;
28 454 139 493 locum
158 453 267 507 ipsum
290 454 461 503 diligenter
481 462 668 503 quaereret,
691 450 725 488 6-
749 466 814 503 quo
842 452 924 490 libro
937 481 950 497 ,
972 453 1100 504 capite,
1117 454 1289 504 particula

28 507 255 555 inveniretur,
271 506 429 557 scriberet
448 505 484 543 in
504 505 653 555 margine
677 505 753 541 libri
765 532 776 551 .,
791 506 891 543 verba
905 516 1015 543 autem
1034 521 1076 543 ex
1096 506 1164 544 illis
1170 506 1290 556 sumta

20 560 197 613 fitbduHis
221 560 316 598 lineis
330 560 501 611 signaret:
526 560 618 610 quod
634 558 812 603 alacriter,
839 571 877 596 ut
898 570 971 596 erat
993 562 1136 604 ardens,
1148 562 1185 609 fi
1205 573 1289 610 gra-

27 615 154 666 tificari
177 614 256 653 milti
268 612 399 665 posset,
423 613 465 650 ab
489 612 551 650 illo
569 611 748 662 perfeflum
763 610 935 662 summam
963 611 1046 650 mihi
1068 614 1285 651 commodita-

29 680 94 706 tem
115 666 302 718 conferendi
323 666 400 704 illos
419 666 511 704 locos
522 665 697 718 praestitit.
725 664 834 703 Porro
862 677 1108 704 monumentum
1127 665 1216 703 illud
1233 668 1287 704 di-

26 721 182 772 ligentiae
195 719 349 772 Engavii
360 719 480 770 servat
500 720 612 758 adhuc
630 718 840 757 Bibliotheca
861 719 895 755 V
893 719 1089 770 inarienfis;
1112 719 1202 756 vivit
1223 735 1288 758 au-

27 786 115 823 tem,
135 774 170 813 6³
196 773 275 821 diu,
299 772 442 826 quaeso,
466 773 567 812 vivat
588 772 654 824 ipse
680 772 895 824 Engavius,
926 787 1020 825 quem
1041 773 1203 811 mendacii
1225 775 1289 812 mei

24 829 190 881 conscium
215 829 331 867 habere
355 827 470 866 nolim.
493 828 552 864 De
578 828 726 871 Catone,
751 825 786 863 δ’
815 826 1016 865 Columellae
1037 826 1119 864 libro
1142 827 1201 879 qui
1219 841 1288 877 po-

23 883 96 921 tuit
108 897 158 920 me
171 880 314 934 fhgere,
338 881 405 932 nisi
421 895 583 933 peponem
629 895 665 918 ro
688 881 783 918 corde
798 879 979 918 haberem?
997 880 1053 933 qui
1070 879 1289 930 familiariter

20 951 89 991 per
105 936 222 987 plures
245 950 353 974 annos
373 935 409 972 in
434 934 505 972 illis
526 950 586 973 ver
602 949 698 979 arer‚
717 934 775 986 qui
794 934 828 971 in
857 934 1007 972 Lexicon
1023 935 1111 972 illud
1132 935 1289 987 rusticum

29 988 179 1040 referrem
193 989 326 1027 illorum
337 986 532 1040 fhrmulas,
552 988 610 1041 qui
621 1001 841 1040 componerem
855 988 932 1025 lzinc
939 987 1119 1039 scriptores
1137 988 1222 1027 inter
1232 989 1286 1039 se,

23 1044 108 1082 hinc
131 1042 240 1091 secum
259 1042 332 1094 ipso
358 1056 641 1094 unumquemque,
667 1041 746 1080 hinc
766 1055 876 1079 omnes
898 1056 974 1080 cum
994 1041 1136 1081 Plinio:
1159 1058 1227 1095 qua
1251 1044 1289 1081 in

29 1113 62 1136 re
81 1098 162 1135 meis
183 1113 232 1136 me
253 1096 360 1136 oculis
381 1095 497 1147 usum,
515 1097 611 1135 docet
627 1095 701 1147 ipfiz
719 1093 781 1133 illa
793 1095 963 1148 allegandi
984 1096 1093 1143 ratio,
1112 1111 1180 1148 qua
1193 1112 1289 1136 nemo

21 1163 106 1190 ante
125 1166 173 1190 me
184 1150 264 1202 usus
281 1153 342 1204 est,
356 1149 431 1201 ipsa
442 1149 503 1187 illa
515 1148 683 1201 adfiripta
699 1149 773 1187 loca
792 1149 958 1200 parallela
971 1151 1202 1202 demonstrant.
1216 1151 1290 1203 lgi-

25 1216 86 1243 1ur
104 1219 276 1257 nunquam
289 1204 370 1243 mila·
391 1204 427 1242 in
449 1216 585 1242 mentem
599 1203 692 1241 venit
704 1202 866 1254 gloriari,
889 1216 1051 1256 tanquam
1072 1204 1207 1242 viderim
1221 1205 1289 1242 ali-

23 1259 112 1312 quid
133 1259 168 1297 in
189 1260 314 1298 Catone
334 1257 369 1294 δ’
395 1257 594 1296 Columellae
613 1258 652 1294 de
670 1257 845 1295 arboribus
859 1257 966 1296 libro:
984 1257 1050 1308 sed
1059 1259 1224 1311 stupidum
1237 1274 1288 1297 me

21 1324 199 1366 putarem,
216 1311 251 1350 δ’
271 1310 441 1362 obtusum,
452 1313 490 1362 fi
501 1326 569 1349 non
588 1310 738 1362 vidffm
754 1311 934 1349 Catoniani
949 1308 1022 1350 libri
1033 1312 1111 1350 hinc
1128 1311 1291 1362 defeblus‚

23 1367 105 1406 hinc
125 1366 420 1417 interpolationes,
448 1365 678 1403 Columelliani
701 1375 812 1403 autern
835 1365 943 1417 operis
964 1366 1210 1418 praeleHionem
1237 1383 1292 1404 re-

21 1422 175 1474 petitam.
200 1420 241 1458 Si
266 1420 327 1459 alii
351 1431 427 1457 ante
449 1434 512 1457 nos
537 1419 619 1458 lzaec
639 1433 708 1458 non
731 1418 909 1465 viderunt,
933 1435 1000 1458 non
1023 1421 1192 1472 ingenium
1219 1421 1291 1459 illis

23 1474 167 1527 defiaffe
185 1485 292 1524 puto,
308 1473 374 1524 sed
389 1475 471 1518 hoc,
492 1475 584 1525 quod
598 1473 634 1511 in
646 1471 860 1523 praefatione
877 1474 1068 1525 rusticorum
1085 1475 1291 1519 memoravi,

24 1531 120 1581 quod
140 1527 352 1579 defitltoriam
374 1526 475 1566 nimis
493 1539 623 1577 operam
636 1541 763 1565 navare
777 1528 888 1578 solent
908 1528 1002 1565 libris
1021 1528 1172 1580 antiquis
1185 1528 1292 1581 pleri-

23 1597 114 1635 que,
136 1583 226 1634 quod
242 1596 309 1620 non
333 1596 400 1619 uno
424 1592 532 1619 tenore
556 1580 695 1631 legunt,
718 1595 786 1618 non
809 1582 1014 1620 contrahunt
1035 1597 1110 1621 cum
1132 1583 1174 1620 iis
1192 1583 1292 1635 peni-

25 1637 141 1675 tiorem
166 1636 258 1674 velut
267 1634 548 1687 familiaritatem.
570 1635 672 1673 Haec
685 1644 743 1681 tu,
769 1633 893 1673 Reitzi
904 1636 1198 1688 praestantiffime‚
1216 1650 1291 1675 vere

27 1704 55 1727 a
73 1706 123 1729 me
144 1689 212 1727 dici
226 1705 263 1728 eo
269 1689 415 1741 facilius
421 1688 574 1740 senties,
595 1703 658 1740 quo
674 1688 777 1740 plura
791 1689 851 1726 tibi
871 1690 926 1728 vel
941 1690 994 1728 liic
1013 1689 1083 1741 ipse
1101 1692 1206 1742 noster
1217 1690 1291 1727 Lu-

28 1745 153 1788 cianus
164 1743 398 1796 suppeditavit
412 1743 483 1781 eius
499 1742 545 1781 rei
557 1741 756 1794 specimina.
775 1742 815 1779 Si
833 1753 943 1782 tamen
955 1743 1124 1794 subdolus
1143 1744 1196 1782 liic
1206 1742 1268 1793 fiii
1276 1772 1293 1789 ,

17 1800 60 1852 fi
78 1799 232 1836 invadere
252 1797 395 1849 gloriam
417 1796 600 1835 alienorum
622 1796 832 1834 inventorum
847 1797 963 1845 volui,
979 1800 1016 1849 fi
1030 1812 1133 1851 porro
1155 1797 1294 1848 confilio

28 1853 176 1892 omittere
196 1852 403 1890 Pontederae
423 1851 514 1889 alias
536 1849 783 1901 obfirvationes
804 1851 910 1901 ausus
926 1852 1029 1902 sum:
1053 1851 1127 1904 quis
1150 1866 1200 1889 me
1214 1853 1293 1904 stu-

26 1908 117 1959 por,
139 1917 202 1944 aut
219 1921 303 1958 quae
322 1905 435 1958 religio
462 1905 588 1950 tenuit,
611 1919 676 1957 quo
700 1904 811 1943 minus
829 1920 867 1942 ea
893 1906 1091 1951 omitterem‚
1109 1905 1146 1943 in
1171 1907 1293 1957 quibus

29 1961 93 1999 illa
115 1960 252 1999 inventa
272 1960 456 1998 hecatombe
474 1960 575 2012 digna
598 1960 789 1996 Pontedera
805 1960 1007 2011 proposuit?
1034 1960 1127 2010 Quis
1149 1975 1216 1998 non
1225 1959 1292 2011 fii-

33 2029 98 2054 rem
121 2015 248 2059 rideat,
277 2014 332 2066 qui
356 2014 392 2052 in
416 2013 708 2056 divitemldomum
729 2012 862 2063 absente
880 2028 941 2065 per
957 2015 1062 2052 multa
1081 2012 1187 2053 millia
1207 2013 1294 2066 pas-

25 2069 130 2122 ficum
159 2069 291 2108 domino
309 2069 365 2106 ubi
390 2068 538 2119 irrepfic,
561 2067 597 2103 ἐξ)
610 2066 703 2118 satis
730 2067 882 2116 temporis
904 2068 1021 2106 habuit
1036 2067 1103 2119 suo
1126 2069 1295 2106 arbitratu

35 2123 164 2176 optima
187 2137 332 2175 quaeque
358 2122 524 2174 eligendi,
550 2122 665 2159 deinde
679 2122 799 2172 scruta
822 2125 985 2173 quaedam
1004 2122 1118 2173 secum
1139 2122 1296 2172 auferat,

31 2176 180 2230 pretiosa
203 2177 360 2222 monilia,
374 2176 407 2214 G·
424 2175 498 2213 auri
516 2175 624 2226 fiss'ffl'
643 2175 784 2214 intabios
802 2176 1000 2227 relinquat?
1025 2177 1120 2213 Talis
1137 2191 1195 2229 ego
1211 2191 1296 2229 pro·-

29 2228 140 2282 ftfflo,
156 2242 226 2269 tam
247 2232 376 2283 astutus
391 2229 560 2281 Autolyci
578 2232 617 2266 de
632 2242 727 2281 gente
742 2227 810 2280 fur
821 2229 901 2280 sum
913 2259 923 2276 ,
942 2233 980 2281 fi
988 2246 1027 2268 ea
1037 2230 1219 2281 subducere
1231 2246 1294 2269 νο-

39 2285 113 2332 lui,
128 2286 168 2322 de
182 2284 303 2337 quibus
311 2290 418 2336 supra
433 2283 550 2322 a'ilium
570 2285 612 2335 est
623 2298 639 2330 ,·
655 2283 825 2334 publicari
839 2295 947 2323 autem
965 2298 1040 2323 cum
1055 2284 1186 2323 nomine
1200 2285 1297 2323 Pon-

39 2342 166 2378 tederae
188 2339 330 2383 curavi,
353 2339 388 2375 δ’
409 2343 455 2376 aa
479 2354 517 2375 ea
532 2338 664 2388 insuper
680 2339 822 2376 lablorem
837 2338 962 2389 remisi,
985 2339 1103 2390 quibus
1116 2338 1297 2392 supprcffi's

18 2393 122 2431 'milii
148 2393 281 2431 tribuere
302 2393 446 2443 pulchra
469 2400 630 2444 quaedam
658 2392 793 2430 inventa
820 2392 858 2429 in
874 2392 1024 2443 solidum
1039 2405 1201 2444 poteram.
1230 2395 1300 2432 Ad

32 2447 200 2501 fitmmum
212 2444 333 2485 crimen
346 2449 464 2485 accedo
475 2476 486 2494 ‚
500 2447 534 2484 in
554 2461 618 2498 quo
630 2446 869 2484 commotiorem
875 2446 982 2498 fuiffe
995 2450 1195 2486 moderatum
1208 2448 1296 2487 alio-

41 2501 120 2552 quin
143 2500 275 2546 virum,
294 2516 346 2540 res
362 2499 437 2553 ipsa
456 2500 617 2552 loquitur,
641 2501 676 2537 ia'
695 2502 737 2553 est
754 2501 874 2546 verba,
894 2502 1014 2553 quibus
1036 2501 1141 2539 utitur
1147 2517 1182 2553 p.
1200 2507 1297 2551 465:

42 2553 98 2593 At
121 2554 221 2595 enim
244 2553 283 2593 in
301 2566 372 2594 nos
392 2556 565 2597 dicaculus
587 2553 729 2605 evafit,
756 2553 960 2609 nostraque
971 2584 987 2603 ,
1012 2555 1093 2596 eius
1111 2554 1199 2595 fidei
1219 2567 1296 2594 tra-
