1737 3378
427 226 518 274 208
635 222 1508 274 ANNOTATIONES

428 312 476 350 C.
504 308 599 349 ἐέὸην
617 309 848 362 Προμηθέος,
870 307 968 349 ἄδην
989 308 1125 349 πηλοῦ.
1148 311 1265 352 Hunc
1287 311 1417 352 Nostri
1435 312 1566 354 locum
1585 313 1694 354 usur-¹

428 366 534 418 pavit
554 363 748 403 Brodaeus
765 363 812 402 ad
827 363 945 402 Anth.
960 362 1033 411 IV,
1048 377 1081 403 c.
1106 377 1150 414 5,
1167 365 1235 418 Ep.
1256 380 1293 415 7.
1318 367 1368 405 H.
1395 367 1573 420 Stephan.
1587 368 1695 422 App.

430 419 478 471 de
496 417 548 456 D.
564 418 613 456 A.
637 431 671 470 p.
697 417 768 470 196
781 448 790 458 .
810 416 942 471 pofitis
962 417 1117 457 Luciani
1137 418 1266 458 verbis
1285 419 1407 459 addit:
1428 423 1485 459 ubi
1499 422 1695 472 infinitivus

427 476 521 511 εἰναι
543 470 695 523 mendose
709 471 814 524 scribi
835 473 989 519 videtur,
1011 471 1046 510 ἐν
1064 470 1129 510 καὶ
1149 472 1186 509 in
1207 473 1277 511 eius
1298 474 1405 513 locum
1422 474 1583 528 substitui
1597 477 1693 515 debe·

429 541 474 565 re.
498 525 661 564 HEMST.

481 579 596 634 ead.].
620 593 652 632 3.
675 577 772 630 Καὶ)
791 578 849 617 Ita
874 579 914 617 Ρ.
939 580 977 616 S.
1005 579 1088 618 Coll.
1109 578 1149 617 &
1173 579 1215 618 L.
1241 579 1357 620 reste.
1381 582 1412 620 I.
1436 580 1454 622 ii
1483 582 1557 622 καί.
1585 581 1695 622 Reli-

427 646 530 687 quae
545 636 635 672 eima
653 631 692 670 δι
707 633 782 684 iple
798 632 877 671 Ox.
892 631 1042 671 vitiose.
1057 632 1214 671 SOLAN.

485 689 559 725 ead.
575 687 598 724 l.
616 701 652 734 4.
669 686 869 738 Βούλεται)
885 685 946 724 Fr.
961 685 1138 725 Luifinus
1151 686 1232 725 Par.
1250 685 1305 726 ΠΙ
1319 716 1330 734 ,
1350 700 1382 726 c.
1399 702 1447 737 4,
1461 688 1496 727 6·
1505 691 1544 740 fi
1553 688 1614 728 tibi
1628 689 1693 731 hoc

429 741 577 780 indicare
591 741 683 778 debet
699 740 935 778 Prometheus:
955 738 1261 787 obscuriuscule‚
1274 753 1345 780 nec
1359 740 1445 780 satis
1457 743 1693 783 convenien-

427 806 507 841 ter,
527 806 764 846 quamquam
783 793 828 832 de
847 791 923 845 ipsa
943 792 1013 832 hac
1035 793 1214 845 loquendi
1230 793 1395 834 formula
1417 808 1495 835 non
1517 796 1615 836 male
1630 808 1692 836 ce-

425 849 584 900 teroqui
603 857 896 886 commentetur.
916 845 1068 885 Platoni
1088 846 1287 900 frequens:
1305 848 1482 892 βούλεται
1503 850 1570 899 μὲν
1583 847 1690 890 οὐθὲν

425 898 539 941 ἶῖττον
558 901 573 939 ὃ
595 901 700 950 νόμος
713 895 806 939 εἶναι
830 897 898 938 τοῦ
921 900 1024 939 ’όντος
1048 895 1201 952 εὕρεσις·
1217 902 1255 939 in
1269 902 1364 940 Min.
1388 915 1426 954 p.
1452 902 1522 954 565
1538 903 1583 942 B.
1601 903 1694 942 Ari-

428 956 509 995 stid.
529 955 578 994 T.
603 953 656 992 Ill
670 985 681 1000 ‚
697 967 731 1005 p.
748 967 820 1002 421
839 952 886 993 C.
901 954 966 992 καὶ
987 952 1099 1004 εἰμὲν
1113 951 1223 993 τοῦτο
1241 956 1307 994 καὶ
1322 953 1340 996 ii
1357 955 1541 1009 παροιμία.
1561 954 1693 1002 βούλε-

425 1024 492 1049 ται
512 1007 659 1048 snmiiv.
675 1008 841 1046 Hi-:Ms‘n

480 1066 555 1101 ead.
572 1063 595 1100 l.
615 1076 650 1114 9.
675 1059 1024 1113 Παραμυθοὺμενος)
1043 1060 1165 1101 Paulo
1185 1061 1478 1102 reconditiorem
1495 1062 1605 1103 verbi
1621 1076 1692 1104 ve·

424 1116 613 1158 nustatem
632 1127 713 1155 non
730 1114 884 1154 affecuti
904 1113 988 1154 sunt
1011 1117 1250 1167 interpretes:
1274 1127 1318 1155 tu
1341 1128 1433 1169 cape
1446 1147 1457 1165 ,
1477 1118 1634 1164 mollius,
1651 1119 1691 1158 in

423 1172 587 1211 meliorem
600 1182 730 1224 partem
746 1170 1003 1222 interpretatus,
1023 1169 1129 1221 quod
1149 1168 1288 1209 scilicet
1311 1170 1526 1211 duriuscule
1545 1170 1688 1212 dierum

423 1225 549 1265 videri
570 1222 722 1278 poterat
735 1253 745 1270 ‚
765 1234 882 1276 atque
902 1223 999 1262 adeo
1017 1221 1137 1274 ipsum
1157 1223 1246 1262 illud
1265 1224 1423 1263 Luciani
1436 1255 1448 1273 ,
1471 1225 1577 1277 quod
1592 1237 1689 1277 pau-

424 1281 466 1320 lo
487 1278 572 1333 post
591 1277 786 1331 sequitur,
808 1280 896 1329 νπρὸς
915 1280 957 1315 τὴ
983 1272 1241 1327 εὐφημότατον
1257 1277 1628 1329 ἐξηγούμενος.νίηι
1643 1279 1689 1318 il-

424 1335 500 1373 lam
515 1363 526 1378 ,
544 1344 643 1386 quae
663 1331 746 1370 fluit
767 1344 789 1370 a
811 1331 968 1384 propria
987 1330 1172 1383 potestate
1193 1330 1262 1369 τοῦ
1277 1330 1609 1384 παραμυθεῖσθαι,
1625 1333 1692 1371 mi-

425 1389 567 1427 tioribus
580 1386 690 1425 verbis
707 1388 856 1437 fleHere,
877 1385 1081 1424 declaravit
1097 1384 1273 1424 Budaeus
1288 1385 1333 1425 C.
1355 1386 1397 1424 L.
1414 1384 1464 1426 G.
1480 1398 1566 1439 pag.
1584 1385 1664 1426 680
1673 1415 1690 1432 ,

424 1442 517 1483 681.
533 1453 605 1480 nec
627 1452 708 1479 non
730 1437 774 1478 Is.
799 1436 1019 1478 casaubon.
1043 1439 1089 1477 ad
1109 1437 1231 1478 Strab.
1249 1438 1290 1485 Ι,
1307 1454 1342 1491 p.
1371 1441 1418 1492 63
1432 1452 1497 1485 ‚n.
1513 1456 1550 1488 4.
1568 1438 1691 1493 Saepe

425 1494 603 1536 Wolfius
621 1495 660 1533 in
682 1493 853 1546 Ulpiano
867 1505 947 1532 non
964 1492 1168 1532 intellexit:
1188 1505 1274 1532 cum
1291 1491 1493 1532 Demosth.
1506 1506 1579 1547 pro
1592 1493 1689 1534 Cor.

424 1564 462 1604 p.
479 1563 556 1600 477
573 1549 615 1589 E.
632 1545 828 1600 scripfiffet
851 1547 1006 1598 κλέμμα.
1017 1545 1087 1597 μὲν
1100 1545 1289 1586 Φιλίππου
1300 1575 1313 1592 ,
1333 1546 1385 1586 ita
1402 1557 1536 1587 notat:
1559 1562 1689 1600 παρα.-

424 1603 599 1656 μυθεῒτιιι
622 1604 695 1642 τὰς
715 1602 926 1654 συμφορὰς,
951 1601 1108 1652 κλέμμα
1127 1601 1269 1654 λέγων,
1292 1599 1381 1640 ἀλλ’
1395 1595 1432 1640 οὗ
1453 1596 1707 1654 κατόρθωμα(

426 1659 640 1699 calamitates
665 1667 856 1709 opportuna
879 1671 958 1694 voce
980 1655 1091 1694 mollit
1108 1656 1272 1708 tegitque,
1288 1653 1428 1705 ficrtum
1451 1655 1607 1709 Philippi
1631 1656 1689 1694 dt'-
1736 1679 1737 1706 3

426 1729 504 1752 cens
518 1742 530 1759 ‚
555 1728 623 1751 non
638 1709 768 1762 fizblum
783 1710 932 1762 prudens
954 1721 1054 1761 atque
1076 1709 1250 1762 egregium.
1275 1709 1442 1749 Similem
1464 1709 1504 1749 in
1524 1709 1689 1750 modum
1736 1711 1737 1715 ’

424 1765 645 1820 ,ἱερατεύειν
662 1767 704 1803 τὸ
731 1766 884 1816 σκληρὸν
902 1760 970 1801 τοῦ
989 1763 1103 1816 λόγου
1124 1763 1224 1816 apud
1244 1762 1369 1803 Schol.
1387 1763 1532 1803 Pindar.
1552 1763 1598 1803 ad
1619 1762 1688 1806 01.

425 1821 472 1861 B.
499 1822 572 1860 162
586 1850 598 1869 ‚
616 1820 756 1873 phrasin
773 1818 936 1857 duriorem
954 1820 1124 1856 commodo
1148 1817 1288 1870 epitheto
1308 1817 1471 1869 mitigare.
1494 1818 1658 1857 HEMST.
1708 1858 1710 1862 ,

429 1894 431 1896 ·
478 1878 552 1914 ead.
569 1875 592 1913 l.
614 1887 672 1912 10.
692 1870 898 1923 Ἐπαινεῖν)
921 1871 1025 1910 Ante
1045 1869 1334 1910 Salmuriensem
1357 1883 1494 1911 omnes
1513 1870 1687 1913 ἐπαινῶν·

425 1942 500 1983 pro
512 1941 594 1982 quo
610 1940 690 1967 non
704 1925 863 1965 absurde
874 1923 1100 1964 Benedietus
1115 1923 1348 1964 infinitivum
1366 1925 1555 1979 praetulit.
1568 1925 1688 1966 Aliud

425 1983 640 2023 remedium
654 2011 667 2028 ,
690 1980 813 2021 veteri
839 1978 1022 2019 leffione0
1036 1977 1186 2018 servata
1202 2008 1213 2026 ‚
1241 1979 1430 2042 quodque
1453 1978 1545 2018 mihi
1568 1980 1689 2033 magis

423 2038 538 2078 etiam
552 2036 704 2082 arridet,
715 2035 754 2073 in
765 2044 922 2087 promtu
936 2032 988 2072 est
1002 2045 1010 2072 :
1032 2030 1070 2072 οὗ
1083 2031 1215 2072 ταῦτα
1229 2032 1358 2072 elnac&
1377 2047 1420 2072 σε
1432 2033 1485 2081 τῷ
1499 2037 1567 2084 He.
1581 2034 1689 2073 ἀλλὰ.

419 2106 458 2131 τ.
486 2106 519 2130 κ.
541 2105 578 2129 τ.
600 2088 770 2129 ἐπαινῶν.
791 2087 916 2127 Poffes
937 2099 1118 2139 quoque:
1143 2083 1182 2126 οὗ
1206 2084 1335 2126 ταῦτα
1358 2088 1510 2126 sindo-21
1537 2086 1591 2136 τᾷ
1614 2092 1685 2138 H?-

421 2146 534 2184 ἀλλὰ
548 2147 591 2182 τὸ
607 2159 641 2182 ιι.
659 2159 696 2183 τ.
710 2141 869 2182 ἐπαινεῖ·
886 2153 967 2180 non
980 2153 1064 2180 eam
1078 2142 1117 2179 in
1132 2151 1292 2193 partem,
1306 2154 1423 2193 quam
1438 2140 1559 2180 dixisti
1570 2170 1580 2183 .
1592 2153 1685 2181 cum

421 2197 656 2240 Prometheo
677 2207 927 2248 comparatus
954 2207 1016 2241 ες,
1037 2193 1097 2234 sed
1119 2194 1182 2235 ille
1207 2194 1367 2244 scilicet,
1391 2196 1459 2248 qui
1478 2205 1516 2234 te
1540 2199 1688 2247 Προμη-

425 2253 501 2293 θέα
520 2253 554 2292 ἐν
580 2253 710 2305 λόγοις
735 2250 921 2295 vocavit,
944 2249 1160 2288 novitatem
1194 2249 1431 2288 inventionis
1461 2248 1588 2288 laudat
1607 2248 1684 2290 &c-

423 2307 526 2347 Cum
542 2306 688 2345 nullum
702 2304 746 2344 fit
758 2306 795 2343 in
813 2303 889 2343 hoc
901 2303 991 2342 loco
1002 2303 1189 2342 librorum
1204 2314 1379 2342 veterum
1393 2302 1580 2342 auxilium
1592 2332 1605 2348 ,
1623 2315 1687 2342 re-

392 2361 515 2401 'duxi
541 2361 712 2413 priorem
736 2358 981 2411 scripturam
999 2358 1110 2397 cuius
1135 2358 1220 2396 vice
1242 2357 1360 2409 quin,
1386 2357 1493 2408 quod
1515 2356 1684 2398 maxime

419 2415 630 2470 placuerit,
649 2411 811 2466 quisque
831 2411 1000 2451 restituat
1012 2441 1022 2453 ,
1038 2423 1118 2450 non
1135 2410 1341 2450 intercedo.
1355 2411 1518 2450 HEMST.
1676 2419 1678 2421 ’

475 2472 549 2507 ead.
565 2469 590 2506 l.
615 2481 673 2506 12.
692 2466 788 2505 Τέως
809 2464 996 2518 ἐννοήσας)
1012 2464 1257 2506 Βεηεεὶίἑῖιις,
1268 2464 1337 2516 suo
1348 2478 1453 2504 marte
1472 2473 1689 2504 commentus.
1717 2501 1721 2514 ,

420 2522 513 2565 Non
527 2522 628 2576 cepit
639 2521 718 2564 vim
730 2520 771 2562 &
781 2519 1021 2574 elegantiam.
1032 2519 1153 2559 Verte
1164 2519 1322 2559 haelenus
1340 2533 1458 2560 comm.
1471 2517 1686 2560 GRoNov.
1704 2518 1721 2573 ,J
