1737 3378
333 194 436 240 IN
501 196 1039 242 TIMONEM.
1227 199 1315 261 361

49 282 291 335 ἁυμβουλεῦει
315 299 375 324 τις
395 285 533 336 μηκέτι
553 281 669 326 αὐτὴν
688 285 894 336 Ὀλύμπιον
914 287 1056 326 καλεῖν·
1072 284 1324 328 fulminatum

50 350 144 378 vere
156 338 304 379 Periclis
317 338 560 380 simulacrum
573 340 723 392 ingenia
735 341 935 380 rhetorum
947 342 1145 381 excitavit.
1158 342 1325 383 Hmsr:

19 401 22 404 ’
103 395 178 430 ead.
204 393 228 431 l.
258 407 315 432 12.
329 393 381 432 Ἐν
401 393 586 446 τοσούτῳ)
606 395 740 433 Interim
764 396 842 432 dum
856 395 990 444 fulmen
1010 396 1156 446 instauro
1178 396 1214 434 G·
1235 413 1322 435 exa-

22 455 23 458 ’
52 459 128 485 cuo·
150 446 292 486 BROD.
311 445 524 499 Interpres:
547 449 763 499 Quamquam
776 448 834 485 vel
847 448 885 485 id
893 448 1054 501 supplicii
1058 449 1149 500 fiztis
1161 464 1321 501 magnum

51 499 88 537 in
115 500 185 553 istis
200 499 318 550 fiterit.
347 500 432 552 Ego
462 500 613 539 malim:
635 513 860 540 verumtamen
876 501 968 551 sztis
987 517 1110 555 magna
1134 504 1261 542 interim
1284 505 1321 542 6³

50 553 133 592 haec
153 553 233 604 ipsis
250 565 321 592 erat
342 569 465 606 poena.
485 553 627 593 Omifit
650 554 835 605 interpres
861 555 921 592 illa
943 555 976 594 έν
999 555 1192 605 τοσούτῳ,
1219 571 1320 610 quae

49 604 262 658 significant
280 608 414 647 interea.
434 607 586 646 Auctor
602 607 730 663 noster
749 609 786 646 in
809 607 910 647 Dial.
927 607 1103 661 Panopes
1123 610 1163 648 &
1181 610 1321 651 Galen.

0 709 2 713 y
49 656 92 698 ‘0
113 661 192 712 ’γὰρ
206 661 395 700 Ποσειδὼν
415 660 593 700 ἐκέλευσέ
602 675 679 711 με,
700 664 727 700 ὼ
744 662 926 707 Πανόπη,
947 660 1164 712 ἀκύμαντον
1185 663 1218 701 ἐν
1233 679 1322 703 ‘too‘-

51 711 145 763 ούτῳ
157 714 371 765 φυλάττειν
389 716 432 753 τὶ)
452 716 648 767 πέλαγος*
667 730 745 754 nam
759 732 808 755 me
825 718 1012 768 lVeptumts
1031 716 1183 770 iufferat,
1199 717 1320 755 Pano-

46 782 115 820 pe,
136 770 357 821 tranquillum
377 769 501 808 interea
517 768 657 820 servare
673 770 839 822 pelagus:
861 770 903 809 &
920 770 1037 823 paulo
1058 769 1162 823 post,
1185 767 1203 809 ἦ
1226 767 1321 822 ’Ἔρις

50 819 96 860 ὃὲ
117 820 151 861 ἐν
164 822 328 872 τοσούτῳ
344 823 419 868 &c.
433 822 479 862 In
499 823 722 876 Contempl.
750 824 765 873 §
791 837 857 873 14,
877 824 910 863 ἐν
932 823 1096 872 τοσούτῳ
1115 823 1152 863 δ”
1169 824 1321 876 ἐπαιρέ-

0 895 1 898 =
49 877 162 914 σθων·
182 875 247 914 ubi
264 889 463 930 perperam
477 878 682 931 interpres:
699 893 813 917 verum
829 882 912 917 adeo
936 878 972 916 in
987 877 1132 930 sublime
1150 878 1322 916 attollim-

0 963 1 970 ,
48 939 115 967 tur.
127 927 327 971 Debebat:
349 931 477 970 interim
495 944 606 971 autem
626 931 812 983 inficblime
831 934 1036 980 evellantur,
1057 931 1078 971 i.
1098 945 1131 971 e.
1144 932 1235 971 dum
1257 932 1321 971 ad-

0 1032 1 1035 *
47 981 125 1021 huc
147 983 314 1034 vivunt,
330 994 419 1025 ante
437 996 625 1025 mortem:
648 985 762 1024 habet
784 986 922 1026 iterum
941 986 978 1024 in
997 985 1209 1039 Sympofio
1222 1016 1232 1032 ,
1252 986 1320 1025 ubi

45 1034 175 1076 Schol.
197 1039 383 1092 exponit,
398 1039 565 1091 μεταξύ.
584 1040 625 1079 L.
642 1040 722 1079 Bos
735 1039 865 1079 Anim.
887 1052 920 1079 c.
935 1039 1051 1088 XIII,
1074 1054 1111 1093 p.
1137 1039 1196 1093 58.
1213 1040 1323 1083 Eunr

45 1089 133 1130 dem
148 1091 236 1131 vide
251 1092 297 1132 de
313 1093 422 1147 Ellip.
442 1107 478 1146 p.
501 1107 589 1133 200.

100 1148 174 1185 ead.
199 1146 222 1184 l.
250 1160 307 1195 14.
327 1147 579 1200 Keupoeye‘mt)
595 1147 656 1188 Sic
669 1148 771 1187 enim
785 1145 1024 1187 vociferatus
1037 1146 1090 1186 est
1101 1147 1268 1188 Timon:
1290 1141 1320 1187 ὅ

39 1196 119 1237 Ζεῦ
132 1200 236 1249 φίλιε
247 1201 312 1238 καὶ
328 1200 418 1252 ξένιε
430 1231 442 1249 ,
463 1201 504 1240 &
518 1202 675 1254 reliqua.
690 1202 832 1241 BROD.

99 1256 173 1292 ead.
188 1254 212 1292 l.
231 1268 245 1292 1
258 1266 289 1306 ς.
303 1254 428 1294 Ἀλλὰ
439 1254 504 1293 καὶ
518 1254 596 1294 τοῖς
609 1251 828 1307 εὐχομένοις
840 1252 950 1294 ’τοῦτο
963 1250 1183 1307 χρήσιμον)
1203 1253 1319 1294 Pater

44 1305 235 1360 adscripfit
250 1308 394 1348 τούτοις
406 1309 531 1361 legere
545 1309 748 1349 Pricaeum
763 1309 810 1348 ad
824 1309 964 1348 Matth.
981 1309 1005 1349 6
1017 1339 1029 1356 ‚
1049 1323 1086 1357 7.
1104 1308 1212 1361 quod
1229 1307 1318 1348 sane

43 1372 116 1399 nec
129 1360 374 1402 necessarium
386 1394 398 1411 ‚
419 1363 461 1402 δι
476 1364 774 1403 convenientior
788 1364 947 1415 vulgata
962 1362 1157 1415 scriptura.
1171 1362 1320 1403 (33οΝ.

98 1415 189 1466 Pag.
210 1415 273 1454 82.
298 1417 321 1455 l.
350 1431 381 1465 5.
399 1416 681 1471 Ἀμελοὺμενος)
702 1418 741 1457 Α
759 1417 859 1458 Iove
878 1416 1075 1470 neglecius
1097 1429 1143 1456 ac
1164 1430 1236 1470 pro
1260 1417 1320 1455 ni·-

18 1508 20 1514 ,
43 1466 124 1507 hilo
137 1469 306 1509 habitus.
328 1471 468 1510 BROD.

98 1526 171 1562 ead.
190 1524 212 1562 l.
232 1538 291 1563 12.
303 1524 516 1578 Δικρέινοις)
532 1523 749 1564 Absurdum
768 1523 843 1573 est,
862 1524 969 1578 quod
986 1523 1048 1564 hic
1063 1523 1182 1569 vides,
1197 1523 1318 1564 Scho-

41 1573 150 1616 lium.
167 1576 323 1631 ὃίκρανοι
343 1578 430 1618 sunt
441 1579 563 1630 furcae
573 1594 590 1626 ;
609 1580 649 1619 &
674 1579 929 1631 proverbium
950 1578 1003 1618 est
1018 1579 1122 1632 apud
1139 1578 1319 1619 Graecos

42 1630 176 1670 tritum
189 1662 200 1680 ,
221 1632 329 1684 quod
342 1632 384 1672 δι
400 1634 588 1672 Horatius
602 1633 739 1672 Latine
753 1634 844 1672 dixit
858 1645 1018 1673 naturam
1032 1633 1182 1686 expellas
1194 1632 1318 1684 fhrca,

42 1695 153 1724 tamen
181 1686 284 1738 usque
304 1699 444 1726 recurret
468 1688 548 1727 διε.
570 1686 643 1726 Sed
671 1688 765 1727 haec
785 1689 858 1727 iam
888 1687 1070 1727 Barlaeus
1094 1687 1319 1739 occupavit.

41 1737 199 1778 SOLAN.
220 1740 336 1779 Tanti
358 1754 481 1793 paene
499 1753 580 1782 non
598 1741 672 1789 est,
693 1741 840 1790 fateor,
860 1752 905 1780 ut
928 1740 1143 1780 subsistam:
1168 1739 1230 1780 sed
1258 1751 1318 1779 ta-

41 1806 131 1832 men
153 1795 235 1833 iure
251 1795 377 1833 voluit
392 1795 513 1834 Faber
529 1795 595 1834 κιιὶ
610 1796 815 1848 interiungi
833 1807 921 1834 ante
937 1795 1122 1845 καθάπερ.
1135 1795 1318 1834 Timonis

41 1845 237 1887 sollicitam
252 1847 354 1887 illam
376 1848 417 1888 δι
434 1849 535 1888 male
552 1847 718 1888 sedulam
741 1849 1019 1888 festinationem
1039 1849 1158 1889 domo
1182 1860 1319 1888 extur-

41 1900 156 1941 bandi
176 1901 328 1942 PIutum
355 1902 495 1955 duplici
518 1902 642 1956 figura
665 1904 856 1943 Lucianus
877 1904 1064 1956 exponit,
1092 1901 1225 1942 tantum
1246 1919 1316 1942 non

37 1954 212 2007 fhrcillis,
236 1956 296 2004 &,
317 1957 411 1995 velut
428 1958 478 1995 illi
488 1957 626 2008 solent,
645 1959 702 2010 qui
721 1974 821 2010 quam
837 1958 978 2009 pqfficnt
996 1958 1141 1996 celeriter
1151 1958 1259 2010 ignem
1274 1961 1314 1996 de

41 2010 199 2049 manibus
222 2011 420 2050 excutiunt.-
445 2012 538 2051 haec
562 2011 672 2058 sane,
692 2023 737 2051 ut
755 2013 884 2052 oratio
901 2013 1004 2053 reete
1027 2013 1238 2065 procedat,
1257 2010 1316 2051 se-

42 2064 170 2117 parari
193 2064 341 2104 debent.
358 2064 421 2105 Est
442 2077 573 2105 autem
595 2065 782 2116 δικράνοις
802 2065 957 2118 ἐξωθεῖν,
972 2066 1009 2104 vi
1027 2067 1182 2105 maxima
1204 2067 1317 2105 eiicere

41 2130 141 2171 atque
161 2120 337 2158 exturbare
349 2149 360 2167 ‚
381 2121 488 2173 quod
508 2121 638 2159 docuit
661 2120 836 2161 Turneb.
855 2120 960 2160 Adv.
979 2118 1071 2160 XIII
1084 2151 1096 2166 ,
1117 2135 1152 2173 3.
1171 2120 1238 2160 Tu
1253 2121 1315 2159 vi-

42 2172 90 2212 de
112 2172 345 2225 Scaligerum
369 2174 414 2212 ad
430 2173 526 2213 Fest.
552 2175 592 2212 in
605 2175 770 2213 Furcilles
783 2204 792 2219 ,
814 2175 880 2213 ubi
897 2175 957 2213 vir
972 2175 1160 2213 maximus
1173 2173 1317 2213 Cedre-

42 2227 82 2265 ni
95 2225 224 2266 locum
240 2227 398 2266 adduxit
412 2239 760 2281 peropportunum.
775 2230 939 2267 HEMST.

97 2283 170 2319 ead.
187 2281 210 2320 l.
234 2295 296 2334 ¹32
313 2281 486 2332 Καθάπερ
506 2281 535 2322 οἱ
552 2285 594 2320 τὶ)
611 2280 685 2333 πῦρ
703 2282 745 2321 ἐκ
765 2281 837 2321 τῶν
859 2297 908 2333 χ.
923 2281 1016 2334 ἀπ.)
1036 2282 1092 2321 Ut
1105 2293 1243 2320 verum
1259 2279 1315 2319 fa·

42 2345 151 2381 tear,
169 2347 249 2374 non
266 2334 444 2389 affequor
457 2336 525 2376 hic
542 2349 706 2375 acumen
722 2336 771 2376 T.
786 2335 928 2382 Fabri,
949 2335 1189 2375 ἀνακόλουθον
1204 2335 1241 2372 in
1253 2335 1312 2373 his

41 2388 172 2428 verbis
184 2389 363 2436 videntis,
379 2390 546 2443 ideoque
560 2390 626 2429 καὶ
639 2401 726 2429 ante
738 2388 908 2440 καθάπερ
924 2389 1162 2429 inculcantis.
1177 2387 1316 2441 Quae-

42 2441 86 2483 so
99 2443 140 2482 &
151 2456 226 2495 ego
236 2474 247 2492 ,
262 2457 362 2496 quae
376 2444 618 2492 &voenmojeou
634 2444 776 2497 species
790 2445 829 2483 in
841 2444 921 2485 his?
937 2447 989 2483 Et
1003 2455 1136 2482 tantum
1153 2459 1219 2482 non
1228 2442 1312 2493 fur:-

36 2497 131 2541 ciliis
150 2513 200 2539 me
220 2498 310 2539 eiecit
331 2500 429 2540 domo
439 2529 454 2547 ,
472 2500 567 2541 velut
588 2499 647 2554 qui
670 2499 777 2552 ignem
802 2515 820 2540 e
840 2499 995 2540 manibus
1018 2498 1193 2540 abiiciunt.
1208 2496 1312 2539 Tam
