1737 3378
405 204 499 248 240
605 180 1477 232 ANNOTATIONES

403 273 500 315 Hist.
518 272 546 311 Ι.
563 271 650 310 inde
662 269 936 322 μεταφορικῶς,
951 270 1147 321 κρούεσὲαι
1165 269 1206 310 &
1228 270 1495 323 ἀνακρούεσθαι
1508 270 1669 315 summi-⁴
1719 291 1721 293 ’

403 337 469 364 tur
490 338 562 378 pro
586 325 779 376 retrogrecfi:
801 325 855 363 ita
876 325 976 377 apud
994 324 1143 364 Aelian.
1169 323 1264 363 Hist.
1280 325 1357 364 An.
1377 325 1456 372 111,
1480 339 1542 379 13,
1566 329 1669 379 κροὺ-
1728 346 1729 349 “

402 382 518 417 εσόαι
539 381 580 416 τὸ
600 381 733 427 πτερὸν
752 378 886 418 dicitur
906 378 1011 424 avis,
1032 390 1133 431 quae
1157 378 1385 418 retrovolat.
1409 378 1606 420 Praeterea
1624 382 1668 421 'm

403 430 462 479 ’τῷ
482 429 584 470 παῦε
598 431 765 470 similiter
785 431 906 471 allusit
919 432 1111 471 Lucianus
1128 431 1174 471 ad
1187 444 1265 470 rem
1282 433 1492 472 nauticam:
1509 445 1554 472 ea
1565 434 1670 473 enim

403 497 509 524 voce
524 484 702 524 Celeusta
721 485 872 525 iubebat
886 486 1047 538 remiges
1061 484 1274 538 quiescere,
1292 485 1331 524 δε
1345 498 1425 525 non
1442 486 1601 538 ulgerius
1612 499 1672 526 re·

406 539 569 590 migare:
592 540 646 578 ita
657 539 813 579 Charon
827 539 928 590 apud
940 538 1147 579 Comicum
1162 539 1198 576 in
1215 538 1313 577 Ran.
1328 553 1367 578 v.
1384 552 1473 586 271,
1491 538 1536 576 Ὠ
1550 539 1672 590 παῦε,

405 591 535 639 παῦε,
557 591 786 644 παραβαλοῦ
804 592 858 640 τῷ
877 594 1018 642 κωπίῳ.
1041 591 1175 632 Sensus
1198 592 1327 644 itaque
1341 592 1498 631 Luciani
1514 592 1590 632 hoc
1608 593 1672 633 lo-

406 658 459 686 co
476 645 550 685 est:
577 645 744 692 Define,
762 659 788 685 o
806 646 908 685 bone
926 646 1008 691 vir,
1032 646 1139 697 plura
1161 645 1287 698 loqui,
1307 659 1356 685 ne
1372 658 1487 699 perge
1510 645 1672 687 ulterius

404 699 445 738 in
470 711 537 739 tua
555 701 772 739 narratione
786 730 796 747 ‚
823 699 883 738 sed
906 700 1105 751 paululum
1128 712 1212 738 eam
1238 699 1384 746 inhibe,
1406 699 1671 753 retrogredere

406 754 447 792 δι
471 765 613 805 repete.
632 755 722 793 Hoc
741 752 791 792 fic
810 751 884 792 esse
905 754 1090 792 evincunt
1110 752 1326 805 sequentia,
1347 753 1412 791 καὶ
1433 754 1526 805 λέγε
1546 751 1588 804 ἐξ
1605 754 1673 807 ἀρ-

405 805 486 861 χῆς
503 807 701 851 ἀναλαβὼν
720 806 791 846 ἤδη
813 809 863 844 τὰ
886 806 1067 857 εἰρημέναι.
1091 807 1132 845 L.
1152 808 1240 846 Bos
1264 805 1356 846 Obs.
1382 806 1477 846 Crit.
1502 819 1535 846 c.
1555 807 1610 853 V,
1632 821 1673 860 p.

408 874 474 900 21.
496 860 711 900 Reffiffime
726 861 767 900 L.
784 860 872 900 Bos.
897 860 1062 898 Indidem
1081 860 1342 912 metaphoram
1358 860 1466 899 duxit
1478 858 1672 902 'Aristaenr

406 912 427 953 I
447 914 514 967 Ep.
539 929 572 962 5,
593 928 627 967 p.
648 913 695 953 28
709 945 719 960 ‚
740 913 755 952 ὅ
781 912 930 966 τραχὺς
956 912 1086 952 ἐκεῖνος
1103 914 1237 961 ἐνέφηνε
1254 912 1327 966 (ex
1349 913 1549 966 pluribus,
1570 927 1672 966 quae

407 981 484 1021 pro
503 980 690 1021 corrupto
715 968 839 1006 verbo
866 968 902 1006 in
922 979 1088 1006 mentem
1108 979 1318 1015 venerunt,
1339 967 1431 1006 nihil
1450 979 1574 1020 aeque
1592 967 1675 1020 pla-

407 1033 495 1068 cet,
515 1031 631 1074 atque
653 1021 832 1073 ἐνέκλινε)
849 1022 979 1075 γέρων,
1004 1020 1066 1060 τόν
1087 1034 1132 1060 τε
1152 1022 1267 1070 Ξςυμὶν
1286 1020 1513 1071 ἀνεκρούετο·
1536 1030 1674 1061 contra
1704 1061 1710 1064 ,

408 1088 527 1128 quam
548 1075 721 1128 Propert.
739 1074 819 1120 ΙΙΙ,
848 1089 916 1128 13,
937 1088 978 1113 v.
1002 1089 1073 1123 44,
1095 1075 1213 1126 Nescit
1233 1076 1339 1127 vestra
1367 1089 1465 1112 ruens
1485 1073 1538 1112 ira
1557 1072 1673 1125 referre

403 1131 532 1183 pedem.
556 1129 753 1169 Mercerus
771 1127 1063 1181 elegantissimus
1083 1127 1300 1167 sententiam
1315 1127 1475 1167 venusta
1492 1125 1675 1168 versione
1712 1158 1713 1161 η

406 1181 606 1223 reddidisse
620 1193 826 1234 contentus
838 1214 849 1230 ,
868 1181 1093 1221 intellexerit
1105 1182 1183 1221 vim
1199 1181 1413 1221 locutionis
1423 1193 1495 1221 nec
1506 1193 1555 1220 ne
1564 1210 1579 1228 ,
1592 1193 1675 1221 non

409 1238 571 1289 aperuit.
594 1237 696 1275 Hinc
712 1236 860 1275 Platoni
878 1236 943 1275 lux
962 1235 1015 1275 est
1030 1234 1221 1275 inferenda
1237 1236 1274 1274 in
1288 1235 1430 1274 Phileb.
1447 1248 1484 1288 p.
1505 1248 1576 1287 37¹
1597 1234 1674 1274 E.3

408 1291 528 1344 λόγος
545 1289 712 1329 ἐκπεσὼν
734 1286 816 1339 ὑμῖν
835 1286 1051 1342 εἱχὴσεται·
1067 1290 1184 1329 ’πάλιν
1201 1284 1261 1329 οὖν
1282 1283 1393 1328 αὖτὸν
1416 1288 1677 1341 ἀνακρουώμε-

409 1345 471 1384 θα.
486 1345 656 1397 quicum
672 1345 701 1383 B
707 1344 830 1383 udaeo
843 1344 879 1382 in
896 1342 943 1383 C.
958 1343 1000 1382 L.
1015 1342 1066 1383 G.
1082 1357 1118 1396 p.
1135 1343 1212 1391 460
1227 1343 1442 1382 exordiamur
1460 1340 1544 1381 sunt
1558 1341 1680 1382 inter.

409 1399 550 1452 pretati
562 1429 573 1446 ,
597 1397 735 1437 scilicet
750 1410 771 1436 a
788 1396 903 1449 pulsis
914 1397 1082 1436 tentandi
1123 1396 1418 1448 raeludendique
1430 1394 1543 1435 causa
1557 1396 1678 1436 citha-

410 1465 477 1491 rae
492 1451 642 1491 chordis
657 1452 848 1490 rationem
866 1450 1044 1504 phraseos
1067 1463 1088 1490 e
1119 1463 1140 1490 e
1162 1450 1404 1504 repetendam
1427 1448 1680 1498 censuerunt;

410 1505 449 1545 id
468 1506 570 1544 enim
597 1503 890 1557 &zroenpzz356321,
915 1503 1009 1544 ficut
1034 1505 1071 1543 in
1091 1514 1204 1544 cantu
1228 1506 1340 1553 μέλος
1368 1502 1677 1546 &vaticina-321.

410 1560 505 1599 Hoc
529 1571 728 1612 utcunque
754 1558 844 1598 ferri
867 1569 1039 1610 poterat:
1064 1557 1179 1611 longe
1200 1558 1364 1597 deterius
1383 1556 1579 1597 Serranus.
1592 1557 1678 1597 Ve-

412 1626 503 1653 reor
524 1615 658 1659 etiam,
683 1624 726 1652 ut
753 1611 838 1652 satis
861 1611 1116 1658 confiderate,
1136 1625 1286 1666 proque
1312 1623 1422 1651 more
1448 1608 1518 1650 suo
1544 1610 1676 1651 locum

347 1690 352 1694 ·
413 1667 516 1707 hunc
530 1667 772 1721 perpenderit
788 1666 816 1705 Ι.
833 1666 891 1705 Fr.
911 1665 1140 1707 Gronovius
1156 1667 1195 1704 in
1211 1665 1481 1705 observatione
1494 1664 1556 1704 illa
1571 1677 1675 1704 cete-

411 1722 557 1774 roquin
578 1720 758 1775 perd0&a
780 1721 827 1759 ad
846 1720 929 1759 Liv.
949 1719 1021 1767 ΙΙΙ,
1049 1733 1108 1773 30.
1124 1720 1178 1759 At
1200 1720 1299 1772 apud
1314 1718 1510 1758 Platonem
1526 1728 1676 1758 utrum-

412 1789 505 1828 que,
525 1789 603 1815 non
617 1776 741 1814 minus
754 1773 966 1819 ἐκπίπτειν,
990 1787 1108 1826 quam
1132 1773 1416 1826 ἀνακρούεσθαι,
1433 1785 1453 1811 a
1466 1785 1510 1812 re
1524 1773 1679 1812 nautica

412 1829 581 1868 sumtum
605 1828 682 1875 est,
705 1841 830 1882 neque
854 1828 1102 1867 dubitandum
1125 1827 1208 1866 ullo
1228 1827 1370 1875 modo,
1388 1827 1483 1880 quin
1504 1826 1606 1866 hunc
1635 1827 1676 1866 in

411 1882 563 1923 sensum
587 1883 722 1922 debeat
744 1882 945 1936 explicari:
963 1882 1149 1935 periculum
1172 1883 1233 1934 est,
1253 1897 1292 1920 ne
1310 1881 1421 1934 sermo
1442 1881 1569 1933 noster,
1595 1892 1679 1919 tan-

413 1953 516 1990 quam
535 1938 637 1976 navis
655 1939 694 1975 de
716 1941 795 1976 ret-70
814 1937 911 1988 curfit
924 1938 1060 1987 abrepta
1073 1965 1086 1982 ,
1104 1937 1138 1974 in
1148 1935 1312 1987 scopulos
1334 1936 1431 1974 nobis
1446 1934 1678 1987 impingatur:

413 1992 512 2030 remis
535 1993 638 2044 igitur
655 1991 864 2030 inhibeamus
888 2006 929 2030 ac
952 2002 1035 2028 retro
1061 1991 1238 2029 cedamus:
1257 1987 1427 2041 sequitur
1454 1998 1606 2034 autem,
1628 2000 1679 2028 ne

414 2045 508 2097 quid
530 2045 696 2098 scrupuli
713 2043 889 2095 supersit,
913 2043 975 2082 καὶ
997 2043 1102 2096 τάχ’
1118 2044 1356 2082 ἈΝΙΟΝΤΕΣ
1380 2041 1433 2081 εἰς
1453 2043 1525 2081 τὰς
1548 2040 1712 2092 ὁμοίαςῐ

414 2100 490 2140 &e
515 2098 838 2152 quemadmodum
863 2099 902 2137 in
929 2098 1101 2137 Luciano
1128 2097 1169 2148 ἐξ
1196 2094 1320 2150 ἀρχῆς
1345 2094 1556 2142 ἀναλαβών.
1574 2094 1613 2134 Α
1634 2108 1679 2135 re

411 2154 565 2192 nautica
580 2153 828 2206 metaphorae
844 2151 988 2204 saepius
1002 2152 1048 2190 ad
1070 2150 1262 2190 sermones
1282 2148 1494 2189 traduaae:
1518 2147 1570 2188 fic
1583 2148 1681 2188 ἀνά-

413 2211 559 2260 vyeczm
575 2206 676 2260 apud
699 2205 872 2245 Aeschin.
892 2206 1015 2257 Eryx.
1036 2218 1069 2244 c.
1094 2220 1129 2244 2.
1152 2205 1202 2243 ibi
1221 2203 1307 2244 satis
1325 2202 1531 2243 commode
1549 2201 1680 2253 Serra,-

412 2272 487 2301 nus
500 2291 512 2306 ‚
531 2260 815 2313 Serranumque
836 2259 988 2300 secutus
1005 2258 1198 2299 Clericus:
1220 2257 1355 2311 reliqui
1369 2258 1592 2310 interpretes
1610 2255 1680 2296 ab·

412 2325 553 2356 errant.
579 2315 742 2353 HEMST.

468 2369 504 2407 in
525 2370 641 2407 schol.
660 2369 722 2407 col.
743 2382 778 2406 2.
796 2369 819 2406 l.
849 2380 877 2406 ι.
900 2365 1145 2419 &pum-capiat)
1165 2365 1267 2418 Lege
1288 2377 1336 2404 ex
1358 2363 1492 2404 Suida:
1517 2362 1682 2414 λαμπίι.

413 2420 497 2468 sse,
510 2423 695 2473 πυρκαϊαὶ
707 2453 718 2468 ‚
739 2419 976 2473 λαμπτῆρες,
990 2421 1229 2471 φρυκτωρίαι·
1245 2431 1325 2458 non
1341 2417 1542 2471 φυκτορίσιι
1553 2446 1564 2463 ,
1580 2429 1624 2456 ut
1638 2417 1680 2456 in

414 2475 490 2516 Ms.
510 2474 650 2517 vitiose
672 2475 893 2515 habebatur.
920 2474 1049 2515 CLtR.
1064 2471 1109 2513 In
1127 2471 1209 2527 ipso
1230 2473 1327 2513 Cod.
1348 2473 1400 2513 V.
1423 2470 1608 2525 scriptum
1627 2469 1685 2511 est
