1737 3378
141 254 680 329 SCRIPTJSQUE
710 254 746 299 L
768 254 1052 301 UCIANI.
1102 266 1300 300 XXXVII

45 363 334 410 crificabatur
351 374 405 408 ut
421 362 524 407 Deo
539 397 551 418 ,
569 362 771 421 festaque
789 363 977 422 publica
999 363 1297 409 institueban-

46 439 123 473 tur
137 462 149 483 ,
167 428 247 488 spe
265 426 546 472 obtinendae
560 426 802 470 sanationis
820 443 844 470 a
862 427 988 470 variis
1007 428 1193 473 morbis.

112 492 344 536 Lucianus
366 490 556 534 tandem
579 489 782 534 accusare
801 489 1120 535 Alexandrum
1145 503 1297 537 tenta-

45 556 114 601 vit
132 572 286 601 coram
310 550 541 613 praefecto
562 554 806 613 Bithyniae
826 552 866 598 8c
881 555 1041 598 Ponti:
1076 555 1153 599 sed
1181 572 1294 601 cum

44 620 163 665 nihil
182 619 411 664 obtineret
434 635 458 661 a
477 614 711 677 praefecto
730 630 973 662 metuente
989 652 1002 673 ,
1021 634 1080 662 110
1098 618 1294 663 Rutilia-

6 740 11 743 ·
45 700 164 729 num
182 681 462 735 offenderet,
492 698 589 726 non
613 682 748 726 aliam
769 682 995 726 Lucianus
1016 682 1074 726 de
1090 681 1293 726 Alexan-

47 749 133 793 dro
151 742 403 791 vindiciam
429 745 607 790 sumere
629 746 787 805 potuit
803 780 814 800 ‚
840 763 984 805 quam
1005 746 1100 790 eius
1116 746 1259 790 vitam
1277 780 1294 801 ‚

43 812 292 872 postquam
308 809 483 854 obiisset
496 845 506 865 ‚
522 810 776 854 scribendo.
795 810 866 854 Ibi
878 810 920 854 se
936 811 1180 855 inimicum
1197 810 1294 854 eius

43 875 315 936 profitetur,
335 874 548 934 adeoque
567 874 820 919 accidentia
840 874 1070 933 quaedam
1097 874 1297 918 addidis-

42 940 87 985 se
109 938 294 999 potuit,
321 938 493 998 quibus
518 939 646 983 hunc
671 939 970 998 impostorem
998 939 1137 1001 magis
1167 938 1297 982 diffa-

42 1014 202 1049 maret.
235 1003 378 1062 Ipsius
401 1016 559 1047 tamen
583 1003 788 1047 historiae
817 1014 972 1048 textus
995 1003 1112 1047 adeo
1145 1014 1295 1046 certus

43 1080 186 1128 atque
214 1068 264 1112 in
286 1069 453 1129 vulgus
480 1078 620 1112 notus
645 1079 762 1122 erat,
795 1079 847 1111 ut
875 1067 1084 1127 suspicari
1113 1083 1212 1111 11011
1236 1067 1294 1110 li·-

43 1144 173 1187 ceat,
200 1131 441 1176 veritatem
459 1131 522 1176 ab
542 1148 597 1176 eo
620 1130 704 1176 esse
723 1131 1042 1176 adulteratam.

107 1195 327 1242 Eiusdem
351 1196 494 1239 Tomi
521 1213 567 1256 p
592 1210 679 1252 724
718 1196 953 1240 Tzllemonc.
979 1195 1210 1255 quaedam
1235 1194 1295 1240 de

42 1261 173 1305 Lucio
194 1260 386 1320 Patreffl
408 1259 574 1315 refert,
597 1261 680 1320 qui
697 1257 854 1304 auctor
873 1260 1015 1304 fertur
1033 1260 1215 1321 Dialogi
1235 1259 1295 1303 de

42 1324 304 1370 mutatione
321 1340 374 1367 m
386 1294 592 1380 asinum7,
620 1341 678 1369 ex
697 1340 794 1383 quo
808 1325 1024 1369 Lucianus
1047 1341 1196 1383 aeque
1225 1334 1293 1367 at-

43 1406 138 1449 que
157 1389 356 1451 Apuleius
370 1388 497 1432 suan]
514 1389 745 1433 hauserint
761 1389 1161 1433 narratiunculam.
1183 1386 1298 1449 [Sed-

42 1470 152 1499 cum
175 1468 235 1497 ex
268 1452 386 1512 Vqffii
415 1453 524 1496 Hist.
561 1453 638 1497 Gr.
668 1453 779 1498 haec
802 1464 989 1497 tantum
1010 1453 1187 1508 aflerat,
1221 1454 1294 1496 So-

42 1518 240 1579 lanasque
281 1516 321 1560 Sc
357 1516 596 1577 Gesnerus
587 1534 636 1561 m
662 1518 783 1562 notis
803 1518 862 1561 ad
890 1517 1024 1561 istum
1051 1517 1168 1561 Dial.
1196 1533 1292 1576 cap.

36 1596 88 1638 ⁴1,
117 1583 209 1626 hoc
237 1581 476 1640 aliquanto
512 1582 724 1641 pluribus
757 1581 986 1636 dixerint,
1016 1582 1161 1626 isthoc
1184 1582 1291 1625 mit-

44 1659 96 1691 to
114 1681 126 1700 ,
151 1645 323 1705 Gesneri
345 1645 595 1690 sententiae
614 1646 799 1690 interim
819 1646 1015 1690 omnino
1032 1644 1295 1699 assentiens,

43 1711 307 1756 Lucianum
331 1709 408 1754 ista
430 1709 659 1770 scripsiffe3
688 1710 811 1754 stilus
835 1711 961 1754 0111111
990 1710 1029 1754 Sc
1052 1710 1295 1771 ingenium

40 1777 180 1835 plane
199 1774 504 1834 respondent:
536 1774 616 1818 sed
640 1771 877 1819 fic‘iionem
895 1774 1044 1819 forsan
1069 1790 1127 1817 ex
1150 1775 1295 1817 altero

41 1838 253 1894 hausisse,
286 1838 458 1883 insertis
481 1838 567 1883 suis
598 1839 735 1895 iocis,
763 1839 934 1898 quibus
964 1838 1295 1882 absurditatem

42 1903 225 1948 fabulae
239 1937 251 1958 ,
273 1902 317 1947 86
330 1903 581 1947 hominum
600 1915 756 1964 turpes
780 1920 930 1947 mores
948 1920 997 1948 ac
1017 1902 1292 1962 superstitio-

42 1984 153 2012 nem
172 1966 401 2012 derideret
416 1985 426 2016 ;
442 1967 549 2012 licet
565 1968 736 2012 idcirco
752 1968 972 2014 lascivum
989 1968 1080 2012 hoc
1098 1966 1296 2011 scriben-

43 2032 93 2077 di
121 2048 264 2093 genus
287 2032 482 2076 minime
506 2033 747 2092 probem.]

106 2096 413 2141 BIOGRAPH}
437 2097 575 2140 ceteri
597 2098 677 2141 vix
702 2096 969 2156 quidquam
998 2097 1055 2142 de
1084 2096 1295 2141 Luciano

42 2161 265 2223 fingulare
283 2159 503 2210 afferunt;
521 2160 598 2206 sed
610 2161 800 2206 Suidam
815 2162 908 2206 fere
923 2162 1074 2206 solum
1091 2161 1297 2220 sequun-

42 2236 146 2281 tur,
169 2226 247 2269 vel
261 2224 646 2282 Bourdelotium‚
679 2243 703 2270 a
727 2242 830 2285 quo·
850 2227 966 2271 circa
988 2227 1077 2270 iter
1099 2224 1296 2269 Luciani

45 2300 202 2334 tamen
220 2289 517 2347 aliquantum
536 2290 758 2349 discrepat
777 2292 814 2335 I.
839 2290 888 2335 C
900 2291 1104 2352 Iselznus
1096 2306 1144 2334 111
1161 2289 1298 2333 Lexi-

43 2369 99 2398 co
127 2353 368 2397 universali
398 2353 660 2399 Histor-ico
677 2355 999 2417 Geographico
1033 2355 1145 2399 haec
1176 2352 1296 2397 refe-

48 2433 178 2472 rens,
211 2433 330 2476 quae
353 2417 520 2462 addere
537 2419 689 2464 visum
711 2419 799 2464 fuit
813 2454 825 2475 ,
856 2437 966 2479 quia
987 2435 1153 2479 corpus
1176 2416 1298 2461 illud

48 2481 317 2525 Germanice
355 2482 668 2543 conscriptum
699 2501 960 2544 paucorum
991 2484 1039 2528 in
1077 2483 1295 2527 manibus

47 2545 135 2590 est:
161 2545 328 2605 Initio,
353 2545 441 2605 ait,
475 2548 725 2594 causidicus
756 2549 947 2595 evadere
981 2548 1181 2596 studuit;
1219 2544 1302 2591 sed,

991 2629 1076 2687 ΕΞ,
