1737 3378
351 201 435 247 IN
487 203 1112 250 PROMETHEUM.
1275 221 1364 269 471

94 297 140 328 to
154 285 429 327 excellentiore
446 299 583 327 natura
607 287 784 341 praeditis
798 288 860 326 illa
883 302 1010 328 rerum
1033 290 1288 330 humanarum
1302 305 1371 332 cu-

99 355 142 381 ra
159 353 237 380 non
256 340 414 379 molesta
433 354 503 380 nec
527 342 675 393 gravis,
695 340 755 380 sed
774 343 903 394 potius
925 342 1043 382 facilis
1064 357 1107 384 ac
1125 345 1289 384 iucunda
1311 347 1370 385 lu-

37 404 39 406 ·
99 396 240 434 dieram
259 395 448 446 quandam
464 395 504 433 a&
519 395 733 448 voluptatis
755 408 836 434 non
857 407 1053 448 expertem
1069 398 1183 437 habet
1207 399 1369 440 delecta-

98 450 266 488 tionem:
286 449 377 501 quid
391 449 490 488 enim
510 448 720 488 fecissemus
737 449 863 488 nullos
882 449 1084 497 habentes,
1106 465 1275 504 quorum
1300 467 1369 493 cu-

97 515 141 541 ra
165 502 276 542 nobis
296 514 374 542 erat
400 503 589 555 gerenda?
619 503 727 542 Haec
754 503 887 554 igitur,
905 504 943 540 τί
957 506 1039 555 ’γὰρ
1056 504 1100 543 ἂν
1119 506 1368 557 ἐπράττομεν,

97 555 292 610 postulare
316 557 496 596 videntur
519 556 701 596 eiusmodi
732 555 954 595 sententiam
966 586 979 602 ,
1005 558 1157 609 qualem
1184 560 1369 600 dedimus.

99 609 226 661 Quod
245 609 273 648 s1
288 610 511 650 coniectura
527 609 654 650 nostra
672 622 752 648 non
767 609 820 649 est
841 610 985 656 inanis,
1005 611 1187 650 auxilium
1208 614 1279 651 erit
1299 628 1366 652 ex-

93 662 338 716 spectandum
358 663 575 704 fideliorum
591 663 922 710 membranarum,
943 676 1041 718 quae
1056 665 1235 704 lacunam
1259 667 1364 706 istam

93 717 288 770 expleant.
304 718 432 758 Facile
446 728 574 757 autem
590 718 818 770 deprehendi
833 717 969 771 potest,
985 731 1029 758 ea
1045 717 1222 772 disputari
1236 733 1258 757 a
1272 720 1367 760 Pro-

95 771 274 819 metheo,
290 785 390 825 quae
405 773 545 825 partim
562 772 609 811 ab
629 772 824 825 Epicuro,
848 772 984 825 partim
1004 784 1140 812 contra
1160 786 1248 812 eum
1266 774 1365 813 dice-

93 825 258 866 bantur:
282 835 325 866 tu
341 825 475 866 confer
490 826 613 866 Cicer.
627 826 672 865 de
686 825 776 865 Nat.
788 825 911 866 Deor.
925 839 957 866 c.
972 839 1022 865 20
1034 857 1046 872 ,
1067 841 1126 879 37.
1144 827 1308 866 HssMsT.

149 882 224 919 ead.
241 881 264 918 l.
285 895 315 931 5.
330 878 549 933 Ἠργοῦμεν)
567 880 628 920 Sic
644 880 682 918 in
698 880 878 919 Timone.
898 881 1009 919 Hanc
1025 893 1163 919 vocem
1180 881 1365 933 interpre-

94 942 159 972 tor
172 933 272 973 alibi.
284 934 452 987 Reliqua
473 934 589 974 huius
604 933 761 987 Dialogi
775 933 875 987 apud
891 934 1111 972 Homerum
1129 935 1169 973 ἃ
1184 935 1268 973 dial.
1284 934 1362 989 seq.

94 987 204 1027 cuius
217 999 346 1028 tamen
362 987 447 1027 finis
464 987 558 1028 alius
570 988 721 1027 videtur
735 1001 757 1026 a
773 987 850 1027 fine
864 988 978 1027 huius
992 988 1142 1040 dialogi.
1156 989 1333 1028 Eoum).

149 1046 222 1081 ead.
238 1043 262 1081 l.
279 1056 315 1095 9.
329 1039 429 1095 ’Ἄρτι
441 1041 509 1092 μὲν
522 1041 676 1095 ταῦροι)
691 1041 861 1095 Iuppiter
875 1042 913 1080 in
928 1052 1080 1081 taurum
1097 1053 1266 1082 mutatus
1282 1044 1363 1082 Eu-

93 1108 230 1147 ropam
245 1097 370 1149 rapuit
379 1112 390 1143 3
411 1098 451 1135 in
463 1096 646 1148 Satyrum
663 1095 957 1135 transformatus
971 1095 1170 1149 Antiopen
1186 1098 1362 1146 vitiavit3

91 1149 134 1188 in
148 1150 298 1190 olorem
311 1182 323 1199 ‚
337 1151 476 1190 Ledam
495 1151 558 1190 vel
579 1149 785 1189 Nemesim.
805 1151 945 1189 BROD.

155 1207 231 1244 ead.
247 1206 270 1243 l.
296 1219 311 1244 1
323 1220 355 1244 1.
369 1205 430 1257 Ἐξ
448 1200 598 1257 adrisit)
620 1207 683 1243 Ex
697 1205 776 1257 ipsis
791 1205 980 1242 mulieribus
995 1216 1199 1256 procreatos.
1215 1205 1361 1243 BROD.

90 1257 130 1298 A
144 1257 250 1299 sensu
266 1259 407 1298 horum
427 1259 672 1312 percipiendo
693 1259 810 1310 longe
823 1257 1027 1297 abfuerunt
1046 1259 1282 1309 interpretes.
1305 1259 1363 1297 Ut

93 1311 246 1352 vaihts
268 1312 463 1352 masfa-3001
489 1313 530 1352 ἐκ
550 1315 728 1365 ’γυναικὸς
748 1312 1023 1351 creberrimum
1045 1310 1118 1360 est,
1137 1311 1188 1350 fic
1205 1311 1362 1351 Prome-

90 1366 202 1406 theus
221 1366 283 1407 hic
306 1380 492 1420 perquam
510 1365 651 1414 facete,
668 1377 815 1405 mutata
835 1365 1012 1405 nonnihil
1030 1366 1231 1405 locutione
1253 1366 1362 1405 δεσὺς

89 1420 286 1461 ποιεῖσθαι
300 1421 410 1460 dixit:
431 1422 518 1461 illos
535 1422 635 1460 enim
653 1419 751 1474 ipsos
766 1420 889 1466 Deos,
904 1419 970 1472 qui
985 1418 1021 1458 se
1032 1432 1109 1459 tam
1124 1420 1293 1472 graviter
1305 1420 1361 1459 ob

89 1473 282 1514 formatos
295 1475 471 1515 homines
485 1473 681 1521 accusent,
697 1485 807 1514 tanto
820 1475 857 1512 in
870 1474 1056 1513 mortales
1070 1473 1230 1513 feminas
1241 1474 1364 1512 libidi-

90 1529 151 1567 nis
170 1529 306 1568 ardore
320 1529 432 1578 ferri,
451 1541 494 1569 ut
507 1529 651 1568 nullam
667 1542 748 1568 non
763 1528 930 1568 formam
944 1528 1198 1581 quantumvis
1211 1528 1362 1567 indeco-

87 1595 173 1622 ram
187 1584 388 1622 induentes
400 1583 626 1636 perlibenter
640 1596 728 1622 cum
743 1583 789 1622 iis
804 1581 1053 1622 consuescant
1060 1596 1072 1630 3
1091 1582 1231 1621 liberos
1243 1583 1361 1621 etiam

89 1635 203 1677 Deos
216 1651 263 1677 ex
279 1638 322 1676 iis
337 1650 540 1690 procreare
553 1650 597 1676 ac
610 1636 796 1690 suscipere
809 1636 912 1675 haud
922 1636 1181 1689 dedignentur.
1194 1637 1363 1675 HEMST,

146 1691 182 1730 in
193 1692 310 1731 Schol.
325 1693 387 1730 col.
409 1706 440 1730 1.
454 1692 478 1729 l.
498 1704 529 1730 1.
542 1691 580 1730 ‘H
597 1690 804 1744 διατριβὴ)
828 1689 985 1730 Peffime
1004 1701 1153 1729 enarrat
1166 1691 1268 1730 hanc
1283 1704 1359 1729 vo-

88 1757 187 1785 cem.
202 1745 359 1785 SOLAN.
381 1745 477 1785 Mihi
500 1744 607 1786 secus
630 1745 800 1794 videtur,
817 1756 860 1785 ut
874 1745 1014 1785 notavi
1029 1745 1074 1784 ad
1086 1744 1206 1799 ipsum
1223 1745 1360 1784 Lucia-

86 1812 194 1839 nnm.
215 1801 382 1839 HEMST.
1104 1829 1106 1831 >

146 1854 224 1892 ibid.
245 1855 310 1894 col.
329 1869 362 1893 2.
376 1854 399 1893 l.
418 1869 450 1907 3.
463 1853 606 1907 Aosoev)
620 1853 749 1893 Sonus
761 1850 828 1893 τοῦ
842 1859 874 1891 ’Υ
888 1866 979 1892 cum
992 1852 1088 1892 sono
1100 1852 1167 1892 τοῦ
1180 1858 1206 1892 H
1220 1851 1360 1892 confu-

86 1905 168 1948 sus:
185 1906 372 1961 scriptum
392 1908 494 1947 enim
514 1907 568 1947 est
589 1907 718 1948 swam
733 1921 805 1961 pro
827 1905 963 1950 Λήδαν.
982 1907 1108 1947 CLER.
1123 1907 1361 1948 Correxerat

86 1963 203 2001 etiam
220 1963 276 2002 M.
292 1962 436 2002 Sladus.
451 1963 616 2001 HEMST.

144 2016 236 2068 Pag.
255 2029 338 2069 153.
354 2017 378 2055 l.
398 2031 429 2068 5.
450 2017 542 2055 Μετ’
560 2017 627 2066 ἀμ.
643 2014 844 2055 Αἰθιοπῆας
853 2015 1035 2068 >adludit
1052 2017 1098 2055 ad
1116 2016 1248 2055 locum
1271 2016 1360 2054 Ho-

87 2070 187 2109 meri
201 2069 244 2109 Il.
269 2074 296 2108 A
308 2101 317 2116 ‚
338 2085 428 2123 423.
444 2069 662 2110 Eustathius
678 2071 726 2109 ad
746 2082 837 2109 eum
852 2071 984 2110 locum
998 2069 1101 2109 recle
1117 2070 1360 2109 animadver-

87 2125 156 2170 tit,
174 2123 304 2177 respici
318 2123 526 2177 superioris
538 2125 715 2177 Aegypti
731 2124 898 2171 incolas,
917 2125 983 2177 qui
998 2125 1142 2164 Thebis
1161 2123 1225 2163 seu
1241 2123 1360 2164 Dios-

85 2179 169 2231 poli
184 2178 383 2218 duodecim
396 2178 473 2217 dies
486 2177 600 2218 festos
612 2179 699 2218 Iovi
713 2178 964 2217 celebrabant.
977 2178 1153 2217 Similiter
1166 2179 1360 2217 Lucianus

87 2233 143 2271 ita
155 2232 430 2272 Prometheum
444 2233 488 2270 de
509 2232 641 2272 nidore
656 2231 1066 2284 sacrificiiloquent'em
1081 2232 1225 2271 inducit
1243 2231 1258 2280 §
1284 2244 1329 2284 19
1343 2261 1358 2278 ,

87 2285 155 2337 ὁρῶ
171 2285 215 2325 δὲ
231 2283 333 2335 ὑμᾶς
350 2287 423 2325 &c.
446 2286 515 2324 Ille
536 2287 646 2326 nidor
664 2298 747 2326 erat
763 2286 874 2324 cibus
890 2285 1090 2334 Deorum3
1111 2285 1240 2325 fumus
1260 2298 1360 2325 vero

87 2340 346 2390 θυμιαμάτων
373 2341 484 2379 thure
508 2339 662 2392 aliisque
681 2340 917 2379 aromatibus
940 2339 1195 2379 constantium
1213 2350 1331 2391 potus
1346 2369 1360 2385 ‚

88 2394 157 2448 qui
168 2394 364 2433 dicebatur
379 2394 640 2444 Manavia
655 2395 700 2433 ad
715 2393 871 2433 Hesiodi
884 2394 1039 2447 Theog.
1055 2409 1095 2435 v.
1111 2394 1200 2443 640.
1216 2394 1343 2433 CLER.

143 2451 217 2486 ead.
233 2449 256 2487 l.
272 2447 309 2487 8.
325 2447 504 2497 Κλόπειν)
522 2448 622 2500 Lege
636 2445 787 2489 κλοπήν.
804 2448 944 2487 BROD.

141 2505 218 2543 ead.
235 2502 258 2542 l.
281 2516 318 2557 9.
344 2502 443 2544 'fica’
458 2501 545 2556 ὅτι)
565 2502 871 2544 Rescribendum
896 2500 1074 2596 est,{}-3'
1095 2500 1159 2541 ὅτε
1175 2499 1279 2554 ἦμεῖς
1295 2498 1363 2544 τοῦ

1046 2569 1068 2610 g
1097 2571 1122 2605 4
