1737 3378
360 183 459 228 1-N
525 182 1032 230 SOMNIUM.
1241 186 1324 248 185

75 277 121 309 to
140 267 327 319 ieiunius,
345 271 456 325 idque
475 272 628 312 minime
648 273 858 313 mirandum
878 273 950 321 est,
971 273 1102 313 Valer.
1124 274 1232 313 Max.
1254 273 1336 320 111,

80 335 107 374 7
123 334 200 362 ext.
224 324 240 374 ξ
262 340 287 374 4
300 355 310 373 ‚
327 327 457 365 vultum
478 326 570 365 Iovis
587 330 819 379 propemodum
837 343 879 365 ex
901 327 973 377 ipfi)
989 328 1078 366 coelo
1096 329 1236 380 petitum
1256 330 1335 366 ebo-

80 376 128 415 ris
145 378 349 418 lineamentis
360 381 547 433 amplexus.
569 379 638 418 Sed
660 381 828 432 cogitate
847 379 1099 431 Quinfiilian.
1119 381 1147 419 Ι.
1167 380 1219 420 Ο.
1234 380 1307 420 XII
1320 411 1336 428 ‚

81 442 115 468 c.
141 444 187 469 10
197 461 210 477 ,
226 445 263 485 p.
290 432 406 484 1087:
423 434 521 472 cqus
535 433 755 486 pulchritudo
771 432 920 483 adieciffi’
931 433 1063 485 aliquid
1076 434 1173 473 ctiam
1189 449 1333 487 receptae

83 484 234 535 religioni
253 486 384 524 videtur
390 501 407 533 ;
420 490 501 525 adeo
516 487 668 538 maiestas
684 487 789 539 operis
804 488 919 524 Deum
934 487 1100 538 aequavit.
1116 487 1238 527 Cuius
1252 489 1333 528 lau-

79 536 137 575 dis
163 537 428 591 ampliffimum
454 538 540 579 sane
567 539 813 591 praeconium
842 538 1044 578 cumulasse
1065 540 1183 578 videri
1208 542 1334 593 potest

59 617 62 622 -
82 588 255 643 Propert.
271 591 345 640 111,
363 606 403 640 7,
418 607 458 631 v.
482 606 544 644 15:
559 593 752 631 Phidiacus
760 595 861 643 figno
868 592 908 643 se
921 593 1070 644 Iuppiter
1085 605 1183 631 ornat
1193 596 1331 642 eburno,

82 644 202 683 modo
223 644 336 685 leaio
361 644 406 684 fir
427 646 566 699 proba;
587 646 692 698 quod
713 658 816 685 nunc
847 645 997 698 quidem
1021 647 1229 698 exquirere
1250 660 1331 687 non

81 695 200 736 lubet.
231 698 366 738 Scurra
388 699 514 739 noster
545 698 646 738 illam
674 699 878 739 hominum
901 699 1119 751 opinionem
1141 700 1187 738 de
1208 699 1335 740 Phidia

81 759 159 789 tam
187 750 440 792 honorificam
468 752 591 806 palam
610 753 739 792 irridet
762 754 807 792 de
829 753 930 792 Sacr.
953 753 967 801 ἕ
999 767 1011 791 1
1026 766 1062 791 1:
1087 753 1154 804 qui
1175 754 1214 791 in
1235 763 1334 792 tem-

79 803 186 856 plum
208 805 494 857 ingrediuntur,
513 819 592 846 non
608 806 682 846 iam
700 805 870 846 Indicum
885 807 980 846 ebur
999 807 1160 859 amplius
1178 805 1215 845 se
1231 808 1338 847 vide-

80 869 125 895 re
145 868 304 911 putant,
330 873 457 912 neque
483 870 633 900 erutum
656 873 677 899 e
695 860 885 900 Thraciae
914 860 1022 899 venis
1047 873 1208 906 aurum,
1230 859 1337 899 ἀλλὰ

83 913 146 950 τὶν
161 912 282 964 Κρόνου
299 914 363 952 καὶ
376 913 475 953 Ῥέας
487 914 522 959 ἐς
535 913 600 953 τὴν
614 912 682 967 ’γῆν
699 912 770 953 ὑπὸ
787 914 935 952 Φειέίου
945 914 1229 964 μετῳκισμένον.
1245 914 1337 954 Por-

82 976 132 1003 ro
152 975 290 1005 notum
310 966 386 1014 est,
411 980 512 1019 quos
532 968 695 1007 Homeri
719 967 875 1013 versus,
898 978 941 1006 ut
965 968 1117 1019 dignam
1137 967 1234 1007 Iove
1254 982 1336 1007 ma-

80 1016 249 1058 iestatem
269 1019 587 1072 repraesentaret,
601 1022 730 1060 animo
752 1021 902 1060 secutus
921 1019 1029 1060 fuisse
1051 1021 1196 1060 Phidias
1216 1023 1340 1061 trada-

84 1079 166 1110 tur:
181 1085 265 1112 eam
282 1075 334 1114 ob
349 1088 429 1114 rem
443 1075 488 1114 de
501 1085 668 1128 utroque
682 1076 837 1127 perinde
860 1074 997 1114 diftum
1013 1105 1023 1119 ,
1037 1074 1052 1112 ὁ
1067 1077 1139 1114 τὰς
1152 1075 1222 1114 τῶν
1240 1076 1334 1116 ἓτεῶν

82 1124 226 1165 εἰκόνας
240 1128 258 1165 ii
271 1128 376 1179 μόνος
393 1128 494 1177 ism,
509 1128 527 1168 ἢ
545 1129 648 1178 μόνος
663 1127 798 1179 &igar
814 1128 933 1168 strab.
949 1127 1046 1167 VIII
1058 1158 1067 1174 ‚
1084 1141 1120 1181 p.
1141 1141 1224 1182 543.
1239 1143 1334 1183 ope-

79 1190 145 1217 rae
165 1180 326 1230 pretium
345 1182 415 1221 erit
431 1181 630 1235 Apollonii
642 1181 932 1235 disputationem
949 1182 988 1220 in
1004 1181 1229 1222 Philostrato
1243 1196 1338 1222 con-

79 1232 204 1272 tuliffe
218 1235 263 1273 de
280 1236 331 1274 V.
347 1236 394 1274 A.
410 1236 459 1275 T.
478 1235 557 1281 VI,
571 1249 607 1288 p.
626 1237 713 1284 256.
732 1237 836 1275 Vere
854 1248 947 1287 ergo
960 1234 1121 1287 scripsit,
1134 1248 1248 1288 arque
1263 1237 1335 1276 ele-

82 1297 216 1338 ganter
236 1288 361 1328 Schol.
374 1290 533 1329 Homer.
554 1290 598 1328 ad
614 1289 689 1328 Od.
705 1294 734 1327 A
749 1320 762 1336 ‚
779 1291 855 1329 612
867 1320 877 1337 ,
890 1289 1058 1328 Phidiam
1076 1290 1336 1330 κατακλεῖσαι

81 1339 134 1378 εἰς
153 1344 214 1379 τὸν
232 1344 305 1379 Διά.
321 1346 364 1381 τὸ
381 1341 457 1382 πᾶν
472 1342 536 1383 τῆς
551 1341 684 1382 ἑαυτοῦ
704 1345 862 1394 τέχνης.
878 1342 941 1382 De
955 1343 1159 1394 Polycleto
1174 1344 1336 1384 Maxim.

81 1392 184 1445 Tyr.
207 1395 362 1443 XXVI,
385 1411 420 1449 p.
438 1398 532 1436 266:
546 1396 662 1444 Iuno,
679 1394 758 1435 οἵαν
775 1396 1030 1436 Πολύκλειτος
1044 1397 1221 1450 Ἀργείοις
1241 1398 1340 1437 {sa-

82 1445 126 1498 ξε
145 1450 362 1489 λευκώλενον
387 1450 460 1490 ἃς.
484 1450 614 1490 credas
640 1449 709 1504 ipfi
730 1450 837 1489 fuifie
860 1451 899 1489 in
926 1461 1052 1490 mente
1075 1450 1338 1491 Parmenionis

44 1527 45 1531 ,
83 1500 329 1554 Epigramma
347 1503 510 1543 Anthol.
531 1504 606 1550 IV,
627 1516 660 1542 c.
692 1518 762 1550 12,
786 1504 854 1557 Ep.
878 1505 939 1557 65.
965 1503 1151 1550 Eosdem,
1176 1506 1242 1557 qui
1260 1506 1338 1545 Lu·

82 1555 196 1595 ciano
219 1569 482 1598 memorantur
494 1589 507 1604 ,
525 1557 687 1597 artifices
703 1558 904 1597 coniunxit
929 1558 1044 1597 etiam
1070 1557 1239 1609 Dionys.
1258 1560 1339 1598 Ha-

81 1607 141 1648 lic.
163 1611 248 1662 περὶ
265 1617 371 1650 Θουκ.
386 1626 484 1663 χαις.
505 1625 540 1664 p.
560 1627 646 1660 224.
666 1612 801 1651 iuven.
817 1610 933 1660 VIII,
960 1625 1044 1651 102.
1069 1612 1115 1651 de
1129 1614 1267 1665 quibus
1281 1614 1340 1653 vi-

85 1662 131 1702 de
154 1662 214 1702 Fr.
237 1664 388 1705 Iunium
409 1667 448 1704 in
474 1665 596 1705 Catal.
618 1666 779 1704 HEMST.

137 1721 210 1756 ead.
231 1719 254 1756 l.
279 1733 316 1767 4.
340 1722 404 1758 Τὸν
428 1719 532 1772 Δία)
554 1720 665 1758 Iovem
687 1719 893 1772 Olynzpl'um.
909 1719 1047 1757 BROD.
1069 1718 1175 1758 Iovis
1197 1719 1340 1771 Olym-

84 1769 158 1823 pici
181 1771 363 1819 statuam‚
385 1786 484 1825 quae
507 1774 603 1811 inter
630 1784 697 1810 ’vn
726 1774 828 1811 orbis
852 1773 1033 1811 miracula
1059 1774 1183 1812 habita
1206 1774 1269 1813 est.
1295 1776 1342 1814 de

83 1837 159 1876 qua
184 1826 364 1866 videndus
389 1826 541 1866 Fauian.
566 1826 620 1865 El.
648 1827 691 1871 Ι,
713 1841 748 1880 p.
778 1827 862 1877 156.
887 1826 1024 1865 Noster
1051 1834 1181 1880 Συγγ.
1209 1841 1239 1867 c.
1273 1843 1337 1876 27.

83 1876 173 1917 Ὓπ.
196 1879 260 1918 ein.
284 1891 316 1919 c.
339 1895 396 1929 14.
422 1885 506 1932 Πες.
527 1894 559 1920 c.
586 1880 622 1918 6.
647 1880 768 1919 Clem.
789 1881 901 1920 Alex.
926 1895 961 1932 p.
991 1894 1037 1932 19
1059 1881 1102 1919 B.
1121 1884 1181 1919 τὸν
1196 1884 1264 1931 μὲν
1281 1879 1339 1921 οὖν

82 1931 322 1981 Ὀλυμπιάσι
351 1934 445 1982 Δία,
466 1935 530 1973 καὶ
551 1933 617 1973 τὴν
636 1933 807 1983 Ἀθήνῃσιν
836 1933 1017 1972 Πολιάδα
1037 1934 1077 1972 ἐν.
1102 1934 1249 1987 χρυσοῦ
1273 1936 1339 1975 καὶ

84 1984 285 2034 ἐλέφαντος
300 1988 590 2027 κατασκευάσαι
607 1987 769 2035 Φειὲίειν,
782 1988 899 2027 ’παντί
913 2002 984 2025 που
1010 1990 1137 2035 σαφές.
1153 1988 1311 2028 SOLAN.

138 2040 214 2078 ibid.
232 2041 391 2080 non-sm..
406 2041 606 2094 ‘rr‘vv‘'Hp2v)
623 2041 685 2080 De
698 2055 776 2094 qua
788 2055 858 2081 nos
875 2043 911 2080 in
925 2042 1207 2094 Epigrammata
1223 2043 1342 2083 Grae-

83 2105 139 2132 ca.
163 2093 300 2133 BROD.
314 2095 372 2135 Sc.
386 2097 567 2148 Argivum.
590 2106 692 2148 patet
706 2097 806 2148 apud
829 2095 919 2135 Plin.
941 2096 985 2134 de
1010 2096 1148 2135 horum
1169 2097 1339 2136 duorum

85 2147 281 2199 operibus.
305 2149 457 2188 Anam
475 2150 560 2188 libri
580 2150 625 2188 de
649 2151 816 2198 mundo,
841 2149 922 2189 Cic.
944 2149 1101 2188 Tuscul.
1128 2164 1142 2188 1
1162 2180 1172 2195 ‚
1199 2150 1341 2190 Plinius

85 2212 168 2252 cap.
189 2200 234 2247 8,
257 2202 316 2241 lib.
341 2218 411 2256 34,
427 2203 514 2241 Val.
530 2204 634 2242 Max.
655 2216 736 2255 cap.
756 2216 797 2254 15
816 2234 825 2248 ,
841 2203 902 2241 lib.
924 2202 961 2242 8.
984 2203 1341 2244 BOURDELOTIUS.

84 2252 378 2302 Bourdelotius,
406 2258 574 2308 Argivum
605 2257 771 2296 Iunonem.
799 2256 957 2296 Bafilius
977 2257 1022 2295 de
1055 2257 1142 2309 Leg.
1166 2257 1234 2296 Gr.
1253 2258 1343 2297 libr.

87 2305 202 2348 Grot.
214 2311 270 2350 ed.
288 2323 359 2356 107
375 2311 418 2349 B.
443 2311 626 2361 Myronis
643 2323 761 2350 vacca
774 2340 787 2356 ,
800 2309 996 2349 Praxitelis
1013 2311 1161 2349 Venus.
1180 2311 1340 2351 SOLAN.

138 2365 213 2402 ead.
231 2364 254 2402 l.
283 2376 315 2414 5.
333 2363 597 2416 ’mamaeam
623 2363 704 2402 Mff.
723 2363 998 2412 ἐθαυμαστώθη.
1014 2364 1185 2403 BOURD.

146 2420 218 2455 ead.
233 2418 256 2456 l.
273 2417 308 2458 6.
326 2420 435 2457 Μετὰ
456 2417 528 2457 τῶν
552 2416 668 2470 aaa)
685 2417 851 2457 PiEIores
875 2419 971 2456 inter
994 2417 1102 2457 Deos
1121 2417 1340 2458 referuntur

84 2470 188 2523 apud
205 2470 435 2512 Ciceronem
453 2471 657 2512 Tusculan.
678 2471 707 2512 1.
731 2471 888 2513 FAYUS.
908 2471 999 2513 Vid.
1014 2468 1084 2524 Ἓξ.
1106 2484 1188 2526 cap.
1211 2474 1270 2513 16.
1293 2473 1342 2513 de
