1981 3383
616 235 724 273 v111
886 220 988 267 DE
1028 216 1369 273 AETATE,
1412 217 1609 267 VITA.

612 329 1013 392 supposititiorum
1032 326 1258 387 pravitate
1287 324 1483 385 decepti.
1511 326 1612 386 Ipsa
1641 329 1701 374 de
1719 330 1872 377 Morte

606 392 840 455 Peregrini
867 390 1066 436 narratio
1099 389 1198 436 satis
1231 389 1402 435 evincit
1426 405 1642 438 errorem.
1677 393 1774 440 Nec
1805 394 1874 439 sa·-

606 459 713 507 nior
733 472 896 500 eorum
917 455 1099 515 opinio,
1118 455 1240 514 quia
1253 453 1445 500 canibus
1461 456 1715 502 laceratum
1729 465 1749 488 Υ
1767 457 1873 504 asse-

608 532 836 567 verarunt.
853 519 973 564 Nam
992 519 1118 564 senio
1133 553 1145 574 ,
1166 519 1269 573 vel,
1290 518 1424 576 quod
1442 519 1594 565 verius
1614 522 1698 577 est,
1718 522 1869 582 poda.-

607 593 721 648 gra2
745 584 1081 647 nonagenarius
1112 583 1250 629 obiit:
1284 580 1523 642 superstite
1540 585 1682 632 un1co
1711 586 1810 633 filio
1831 595 1871 643 35

608 723 665 759 ρος
680 704 835 760 Χριστοῦ
851 707 923 747 ἃς.
940 707 1071 746 Eidem
1084 706 1204 746 Scho-

609 759 734 800 liastae
748 761 793 800 ad
804 761 934 800 Sacras
951 759 1120 800 historias
1135 760 1208 799 Lu-

608 815 743 854 cianus
762 814 927 853 alludere
943 815 1097 853 videtur
1109 845 1121 861 ‚
1137 826 1208 852 no·

610 879 665 906 tat
673 868 804 907 Fabric.
820 868 967 921 aliaque
978 866 1207 907 Scholiastae

610 921 740 970 affert,
763 921 828 960 ubi
853 923 885 961 is
909 922 1079 961 Luciano
1105 920 1205 960 male

608 975 699 1014 dicit
711 1006 723 1023 ,
742 976 847 1028 quod
869 977 910 1014 in
922 974 957 1015 S.
974 975 1182 1028 Prophetas
1194 1006 1206 1023 ‚

610 1028 650 1067 in
670 1029 820 1081 virgam
845 1029 1037 1077 Aaronis‚
1060 1030 1096 1066 in
1121 1030 1207 1068 Mo-

610 1081 675 1120 sen
709 1081 748 1122 δι
784 1081 989 1136 Iosephum
1016 1081 1205 1121 scomma-

609 1146 648 1174 ta
664 1137 787 1175 iacere
799 1136 988 1184 videatur,
1014 1135 1073 1175 fed
1087 1134 1205 1175 Scho-

610 1189 738 1228 liasten
762 1189 893 1242 fugiffe
916 1191 1101 1229 rationem
1119 1221 1130 1239 ‚
1165 1201 1208 1228 ut

610 1243 734 1283 editor
756 1243 853 1282 bene
880 1242 1103 1283 observarit.
1125 1243 1206 1282 Ad-

609 1297 762 1349 ditque:
797 1296 845 1338 ab
868 1296 1053 1336 Atheismi
1083 1297 1207 1337 crimi-

610 1363 657 1389 ne
694 1350 908 1390 Lucianum
948 1349 1113 1390 absolvit
1150 1350 1203 1389 D.

610 1404 662 1442 Io.
688 1404 782 1442 Phil.
819 1406 1004 1443 Tremzerus
1037 1404 1074 1442 in
1111 1403 1205 1444 Diff-

608 1457 655 1496 de
683 1457 901 1510 Theologia
931 1458 1100 1499 Luciani.
1127 1457 1207 1498 [en.

610 1512 728 1563 1697,
750 1527 786 1559 4.
843 1564 848 1571 Ι
1181 1565 1190 1572 ·

670 1577 684 1602 1
712 1564 750 1604 A
765 1564 927 1603 cambus
948 1564 1093 1612 lacer.)
1123 1565 1206 1602 Sut-

610 1619 675 1655 das
696 1616 733 1655 in
762 1623 868 1656 Aaou.
895 1617 1080 1656 nimirum
1111 1615 1207 1656 sole-

608 1683 700 1709 mne
726 1670 799 1710 fuit
822 1671 949 1710 multis
970 1702 981 1719 ‚
1017 1671 1206 1712 horrenda

607 1725 745 1764 mortis
759 1737 898 1777 genera
912 1723 1144 1765 comminisci
1159 1725 1205 1767 de

606 1777 664 1826 iis,
683 1791 853 1830 quorum
868 1778 1046 1830 dogmata
1059 1778 1203 1830 impro-

606 1831 762 1872 baffent.
775 1830 935 1878 Confer,
948 1845 1047 1884 quae
1059 1830 1104 1870 de
1117 1832 1203 1885 Epi-

605 1897 704 1924 curo
727 1885 824 1925 idem
846 1886 1003 1925 Suid.in
1026 1885 1144 1925 Ἐπικ.
1162 1887 1202 1927 &

603 1950 706 1991 quae
726 1938 771 1978 de
786 1938 900 1979 Zoilo
915 1939 1052 1979 notavi
1063 1939 1145 1980 Lib.
1163 1955 1202 1989 2,

606 2005 638 2032 c.
656 2006 695 2042 7,
712 2006 747 2044 p.
770 1993 856 2043 365.
873 1994 904 2031 I.
926 1995 977 2031 A.
993 1994 1095 2033 Fabr-

662 2060 683 2085 2
715 2045 912 2099 podagra)
945 2046 1116 2099 Podagra
1148 2046 1201 2087 Ia-

604 2098 754 2140 boraffe
784 2100 1024 2148 Lucianum,
1048 2100 1199 2153 colligi-

603 2164 670 2193 tur
689 2166 739 2193 ex
764 2153 807 2193 iis
822 2183 834 2201 ,
854 2167 954 2207 quae
983 2155 1020 2194 in
1050 2154 1200 2194 laudem

602 2206 799 2260 podagrae
817 2206 968 2261 scripsit.
986 2208 1044 2247 Ita
1058 2208 1197 2261 Agrip-

600 2261 734 2312 pinum
756 2260 957 2300 Pasonium
980 2260 1095 2301 refert
1110 2263 1194 2301 Sto-

1272 703 1461 745 exsularet
1472 736 1483 754 ‚
1507 705 1637 745 exsilii.
1659 706 1688 744 I.
1702 707 1753 745 A.
1767 707 1870 747 Fabr.

1330 773 1347 812 3
1367 758 1572 811 Superstite
1590 782 1633 790 —·
1648 759 1748 812 filio)
1761 761 1872 802 Haec

1273 812 1392 852 verba
1410 814 1589 852 Fabricius
1603 826 1624 852 a
1641 813 1721 852 vita
1735 813 1871 854 Lucia·

1273 867 1311 904 ni
1326 866 1622 907 Bourdelotiana
1645 867 1791 906 rescidit
1802 897 1813 914 ,
1828 878 1871 907 ut

1273 919 1418 968 aliena3
1440 919 1501 960 sed
1527 935 1562 974 p.
1587 919 1667 969 483
1698 933 1744 960 ea
1770 920 1870 961 refe-

1272 986 1360 1012 rens
1376 975 1512 1016 merito
1533 973 1670 1015 refellit
1683 1004 1695 1021 ,
1717 975 1870 1016 dicens:

1272 1027 1603 1080 parachronismus
1628 1028 1708 1074 est,
1732 1041 1822 1068 cum
1846 1042 1869 1069 a

1272 1081 1328 1120 M.
1345 1082 1487 1121 Aurelii
1507 1082 1614 1122 obitu
1633 1081 1680 1120 ad
1701 1082 1869 1135 primum

1272 1147 1414 1174 annum
1434 1136 1570 1175 Iuliani
1594 1135 1689 1188 Imp.
1709 1136 1870 1176 interce-

1272 1189 1334 1227 dat
1368 1188 1528 1242 spatium
1567 1202 1758 1228 annorum
1790 1202 1872 1228 am-

1272 1242 1368 1293 plius
1394 1242 1586 1282 CLXXX.
1618 1242 1804 1295 Equidem
1832 1244 1873 1284 in

1271 1295 1409 1336 Iuliani
1428 1296 1593 1349 epistolis
1606 1295 1793 1337 tricesima
1814 1295 1872 1341 set

1270 1350 1393 1389 cunda
1433 1350 1645 1390 inscribitur
1686 1349 1870 1399 Λουκικνῶ

1272 1402 1432 1452 aomo-⁷⁷33
1454 1427 1515 1443 —.
1546 1404 1618 1444 Sed
1647 1414 1779 1444 utrum
1803 1403 1872 1445 iste

1273 1456 1430 1497 Luciani
1443 1457 1712 1498 Samosatensis
1725 1457 1788 1497 vel
1802 1470 1870 1497 ne-

1274 1523 1344 1562 pos
1360 1511 1471 1550 fuerit
1486 1511 1605 1563 (quos
1617 1524 1781 1551 avorum
1793 1524 1869 1552 no·

1272 1565 1375 1602 mine
1392 1563 1630 1617 frequentius
1640 1595 1653 1611 ,
1670 1578 1787 1617 quam
1801 1579 1867 1619 pa·

1271 1628 1448 1666 rentum,
1477 1618 1720 1671 appellabant
1732 1632 1749 1666 ;,
1777 1617 1867 1659 licet

1270 1683 1342 1710 nec
1374 1671 1449 1711 hoc
1487 1672 1699 1711 inauditum
1733 1670 1869 1722 fuisse,

1269 1722 1505 1764 Antisthenis
1522 1738 1630 1765 exem
1660 1725 1700 1766 lo
1720 1726 1866 1781 pateat)

1269 1778 1333 1816 vel
1352 1791 1565 1831 pronepos,
1581 1741 1658 1819 vel2
1659 1790 1791 1820 utrum
1804 1781 1883 1820 ul-‘

1267 1830 1302 1870 la
1316 1844 1404 1873 eum
1424 1834 1656 1885 cognatione
1670 1833 1838 1887 attigerit
1849 1865 1866 1882 ‚

1267 1887 1492 1939 neutiquam
1516 1886 1686 1936 constat·,
1704 1901 1794 1927 nam
1817 1887 1864 1926 fi·

1265 1938 1359 1978 lium
1373 1941 1527 1993 quidem
1545 1953 1624 1981 non
1643 1940 1767 1988 fuisse,
1780 1954 1861 1982 cer.

1266 2003 1329 2032 tos
1349 2006 1420 2034 nos
1444 1993 1536 2034 facit
1558 2005 1776 2048 temporum
1802 2009 1861 2036 rav

1266 2046 1332 2086 tio.
1359 2048 1535 2088 Meminit
1560 2048 1719 2089 Luciani
1743 2048 1863 2090 nostri

1265 2101 1377 2140 etiam
1395 2103 1591 2141 Laaantius
1616 2103 1658 2142 L.
1680 2101 1720 2152 Ι,
1747 2115 1781 2142 c.
1811 2116 1835 2157 9

1265 2156 1350 2194 Non
1374 2156 1457 2195 enim
1480 2157 1541 2209 ista
1563 2157 1718 2196 Lucilius
1739 2169 1860 2196 narrat

1261 2220 1321 2246 aut
1339 2210 1514 2248 Lucianus
1523 2240 1536 2256 ,
1558 2210 1615 2263 qui
1634 2210 1719 2249 Diis
1740 2210 1775 2248 δ’
1795 2211 1858 2249 llo·

1261 2262 1406 2302 minibus
1435 2279 1501 2302 non
1527 2264 1701 2316 peperci&
1729 2263 1795 2315 fid
1820 2265 1858 2305 hi

601 2315 720 2354 baeus
738 2314 887 2355 solitum
899 2346 912 2361 ,
929 2328 1058 2354 rerum
1073 2347 1083 2364 ‚
1096 2329 1197 2369 quae
1255 2316 1477 2368 potiffinmm‚
1493 2318 1548 2369 qui
1572 2318 1720 2357 Deorum
1738 2317 1862 2358 laudes·

599 2368 670 2420 ipfi
683 2368 861 2408 adversae
873 2368 1104 2416 accidissent,
1129 2382 1195 2410 en-

601 2424 725 2462 comia
754 2436 1016 2475 componere,
1049 2423 1077 2463 s1
1103 2425 1193 2476 qui-

599 2477 683 2515 dem
709 2475 886 2524 febriret‚
911 2476 1046 2522 febris,
1070 2476 1097 2515 si
1120 2490 1191 2517 no-

1260 2373 1434 2408 cambam.
1461 2371 1617 2410 Latinae
1642 2369 1679 2409 se
1703 2370 1856 2424 linguae

1262 2437 1456 2476 utcimque
1480 2425 1642 2477 peritum
1661 2423 1770 2464 fuiffe
1801 2436 1856 2465 te*

1257 2476 1374 2516 statur
1389 2478 1466 2517 Lib.
1484 2478 1528 2517 de
1541 2491 1672 2517 errore
1698 2478 1737 2518 in
1754 2477 1853 2520 salu·

593 2542 738 2573 taret-..vr
755 2530 928 2580 infamia,
943 2529 1144 2582 infamiae,
1162 2531 1190 2573 si
1254 2532 1398 2574 tatione
1415 2531 1430 2583 §
1453 2545 1510 2586 ¹3.
1532 2533 1637 2576 Haec
1653 2532 1735 2582 ifle,
1750 2532 1851 2589 opti·
