1737 3378
317 213 418 261 IN
483 215 1048 261 NIGRINUM.
1227 214 1313 262 281

10 298 12 306 ⁸
57 296 250 339 lerandam
270 299 472 340 lectionem
488 313 672 349 movere,
695 313 853 340 monere
868 300 1034 340 sufficiat.
1059 301 1125 348 Et,
1148 299 1321 339 utlibere

6 372 8 374 ·
61 351 207 400 fatear,
225 367 313 394 raro
329 353 467 394 Graeci
493 355 684 407 plurative
705 355 823 406 κρόκον
837 354 1012 459 efferunt.
1042 355 1124 394 Cur
1142 355 1236 393 vino
1251 354 1324 392 rni-

62 404 251 454 scuerint,
272 408 459 446 rationem
483 408 600 447 reddit
612 406 793 447 Dioscor.
818 421 942 460 cap.2
980 407 1031 455 ,.l
1057 420 1087 446 1.
1118 408 1203 447 Hac
1217 408 1262 446 de
1277 420 1320 447 re

14 473 26 497 z
63 460 141 499 viri
156 460 354 500 (1081111111
367 461 413 499 ad
433 460 604 513 Propert.
622 461 860 500 &Martialis
874 460 1135 513 Amphitheat.
1148 462 1322 499 Eoum).

61 516 173 552 Μετὰ
195 513 325 565 κρόκων
346 513 384 553 P.
407 514 531 553 etiam.
550 514 652 554 Vide
675 513 865 552 Plutarch.
888 527 1012 562 συμπ.
1033 513 1158 552 Probl.
1180 513 1258 559 111,
1284 528 1321 561 1,

3 593 9 607 .
63 566 121 606 ed.
142 566 194 606 St.
221 580 343 619 1150,
371 580 400 606 1.
418 580 500 619 quo
519 568 608 607 loco
630 567 734 606 croci
753 567 856 606 vires
878 567 918 604 in
940 567 1036 605 vino
1053 566 1163 605 sumti
1181 578 1319 606 narrat.

0 649 4 656 .
62 619 140 659 Adi
153 620 266 659 etiam
281 620 443 659 eundem
465 620 547 666 Vl,
565 634 608 669 7,
643 633 767 673 1253,
795 635 828 658 2.
851 620 993 673 quibus
1013 619 1319 665 confirmantur,

62 685 163 733 quae
185 674 230 713 de
249 674 323 713 hoc
342 686 450 714 more
465 673 671 712 Palmerius
691 674 815 713 habet.
838 674 886 712 A.
906 672 1005 712 Gell.
1028 674 1086 719 X,
1116 686 1203 737 ¹443
1221 674 1322 712 Vide

63 727 178 766 etiam
189 726 344 767 Sueton.
360 727 451 766 Ner.
467 741 527 787 25.
548 727 648 766 Mox
669 739 742 780 pro
765 726 982 779 ἀρωμάτων,
1001 701 1093 765 inL'.
1112 726 1203 765 est’
1186 741 1323 777 ακροα-

57 779 205 830 μάτων.
227 794 319 834 prav
324 793 354 820 e
373 780 459 820 Itali
477 781 686 820 etiamnum
706 781 906 826 adhibent,
921 778 1139 847 praesertim
1153 779 1318 818 Romae.

61 833 219 874 Sol-AN.
250 834 353 873 Nihil
377 844 480 880 erat,
503 847 574 872 cur
589 834 862 874 Bourdelotius
880 834 1013 885 κρόκων
1033 832 1236 873 rescribere
1250 845 1323 872 ve-

59 898 227 949 reretur:
251 889 340 927 audi
362 886 677 927 CresoliiumTh.
692 888 805 927 Rhet.
824 886 899 933 III,
920 900 953 927 c.
974 900 1045 933 20,
1062 887 1122 939 §9
1127 888 1220 925 ‚De
1240 902 1322 926 con·

60 941 162 981 viviis
189 940 265 994 (ibi
284 940 436 1004 plausus
460 941 539 980 dari
558 941 820 993 consuevisse)
841 942 980 993 Probare
997 901 1142 980 Lucia9rzi
1161 939 1253 991 forte
1273 940 1321 978 lo-

59 1010 122 1034 cus
145 995 335 1033 videatur
323 1011 357 1034 m
384 996 557 1048 Nigrino,
581 1011 655 1034 cum
680 996 799 1034 luxum
819 994 853 1031 6³
877 995 1019 1033 divitum
1038 994 1248 1047 profusiones
1261 996 1319 1032 de-

19 1048 181 1100 scribit.
208 1049 316 1097 Hos,
338 1049 466 1102 inquit,
486 1048 569 1088 illos
593 1048 690 1096 effe,
711 1049 780 1102 qui
801 1047 964 1115 pretiosa
984 1060 1028 1087 ac
1050 1061 1136 1087 cara
1156 1046 1320 1100 opsonia

60 1113 189 1141 emere
209 1100 357 1149 solent,
377 1118 442 1141 και
468 1117 528 1140 τον
544 1099 630 1141 οῐνον
643 1102 726 1142 ἐντ.
747 1116 782 1140 o:
803 1117 845 1151 μ.
862 1101 994 1153 κρότων
1008 1115 1052 1139 τε
1072 1117 1104 1139 κ.
1121 1102 1159 1139 ἐι.
1173 1101 1227 1139 ἐν.
1241 1116 1322 1140 ver-

12 1159 22 1170 '‘
60 1168 158 1202 tunt,
177 1156 390 1209 vinumque
411 1156 449 1194 111
465 1155 661 1195 conviviis
675 1169 761 1195 cum
778 1155 909 1208 plausu
933 1157 974 1195 δι
995 1155 1178 1194 odoribus
1197 1154 1322 1194 effun-

60 1209 165 1249 dunt.
192 1210 287 1248 Mihi
303 1211 440 1248 dubium
463 1210 593 1248 nullum
616 1210 678 1259 est,
707 1210 786 1262 quin
804 1209 977 1259 mendosus
988 1210 1038 1260 fit
1060 1210 1115 1262 iste
1137 1209 1160 1246 lt
1162 1223 1254 1254 mus,
1277 1209 1312 1246 ᾧ

57 1263 229 1316 legendum
253 1264 360 1313 μετὰ.
385 1262 528 1314 κρόκων·
552 1263 709 1314 intelligit
727 1278 812 1301 emm
835 1263 1009 1300 Lucianus
1032 1278 1133 1314 quam
1151 1261 1312 1312 lparfio-

58 1329 147 1356 nem
174 1316 276 1377 vulgo
299 1329 445 1362 vocant,
458 1319 532 1368 five
556 1317 718 1356 imbrem
743 1317 946 1356 odoratum
961 1345 972 1363 ‚
994 1317 1049 1369 qui
1075 1332 1118 1355 cx
1140 1331 1234 1355 croco
1250 1318 1319 1367 fie-

56 1371 141 1416 bat,
157 1386 237 1409 νιηο
262 1371 315 1409 vel
332 1386 421 1423 aqua
443 1371 576 1416 dilum,
597 1387 664 1410 non
686 1371 809 1410 modo
798 1386 832 1409 m
855 1370 1015 1417 theatris,
1035 1385 1149 1409 verum
1171 1371 1221 1407 eti
1225 1370 1318 1409 imin

57 1424 250 1464 conviviis:
278 1425 398 1477 κρόκον
420 1424 622 1475 βαινόμενον
651 1426 774 1464 Graeci
793 1437 938 1470 vocant,
960 1423 1106 1463 Ovidius
1130 1422 1316 1475 liquidum

59 1490 242 1524 crocum,
265 1477 497 1540 Corycium
509 1478 668 1518 imbrem
687 1479 879 1516 Martialis.
897 1480 956 1516 De
971 1477 1161 1528 buiusinodi
1175 1478 1316 1516 croco&

59 1508 270 1571 aromatibus
296 1533 376 1571 vino
400 1532 516 1572 mixtis
546 1534 588 1585 est
605 1533 804 1585 splendidus
833 1532 926 1571 locus
950 1531 1127 1570 Plutarchi
1152 1531 1188 1568 in
1208 1533 1317 1582 Sym·

53 1586 160 1639 postis
189 1586 261 1632 Vl,
283 1601 328 1634 2,
354 1587 451 1632 Vll,
472 1585 528 1638 qui
549 1586 737 1625 Lucianum
763 1586 906 1625 maxime
923 1585 1110 1623 illuminare
1127 1587 1251 1636 potest:
1261 1587 1299 1636 s
1282 1601 1314 1625 c

59 1640 145 1679 enim
163 1639 238 1684 ille,
261 1641 324 1678 ’τον
341 1635 427 1680 οἶνον
450 1640 477 1678 οἱ
508 1638 574 1686 μὲν
592 1639 722 1678 ἀλόαις
736 1639 1022 1699 χρωτίζοντες,
1050 1653 1113 1677 και
1135 1653 1200 1676 κινι
1201 1653 1279 1687 οιμ
1272 1639 1319 1676 5-

0 1738 1 1743 ¹
57 1707 142 1744 μοις
171 1707 236 1732 και
261 1694 396 1746 κρόκοις
423 1691 679 1742 ἐφηδύνοντες,
706 1693 840 1733 ν11111111
869 1693 955 1732 aloe
977 1702 1044 1730 aut
1068 1692 1317 1754 cinnamomo

0 1751 7 1771 ³'
59 1746 127 1787 vel
147 1759 265 1786 croco
294 1746 469 1787 inficiunt
493 1747 568 1786 &a
595 1747 664 1786 Sed
683 1747 745 1785 lzoc
767 1748 889 1793 obiter,
916 1757 955 1785 ut
963 1746 1146 1799 plaeuficm
1170 1745 1226 1798 qui
1243 1747 1316 1784 Lu-

59 1801 150 1840 ciani
171 1815 300 1840 crocum
324 1817 449 1840 omnem
471 1801 637 1848 ebiberat,
665 1801 782 1839 leviter
808 1802 1062 1840 emendaremus.
1092 1776 1246 1845 Viden,
1272 1811 1317 1839 ut

57 1853 282 1895 Plutarchus
301 1856 435 1907 κρόκοις
453 1855 630 1894 extulerit
651 1855 851 1908 plurative.
875 1853 917 1892 ln
941 1853 1165 1892 lautioribus
1186 1864 1316 1892 autem

57 1909 252 1948 conviviis
275 1907 455 1961 frequens
475 1909 601 1948 aderat
624 1921 773 1949 crocus.
806 1908 939 1947 Liban.
969 1907 1078 1946 Decl.
1105 1906 1319 1954 XXXVII,

58 1974 98 2022 Ρ.
111 1961 184 2015 803
205 1961 249 2002 C.
275 1962 321 2002 de
340 1963 503 2025 nuptiis:
525 1973 751 2031 λαμπτκρων
773 1961 840 2001 sss
855 1960 998 2009 τόσων,
1021 1961 1311 2014 παραπόμπης,

58 2013 152 2055 οἴνου
174 2015 342 2062 πολλοῦ,
362 2016 503 2069 μύρου,
521 2015 658 2069 κρόκου.
684 2015 880 2068 Aristoph.
895 2015 998 2054 Nub.
1021 2029 1060 2053 ν.
1079 2027 1136 2066 51.
1158 2015 1316 2067 Longo-

11 2115 21 2119 „
56 2068 154 2115 lius,
175 2082 289 2121 quem
308 2070 411 2108 nulla
432 2070 514 2108 vitii
534 2070 573 2108 in
600 2070 728 2122 κρότων
748 2069 909 2123 suspicio
935 2070 1136 2121 tetigerat,
1158 2080 1202 2107 ut
1222 2046 1315 2108 huic

58 2135 276 2174 congruens
302 2123 541 2164 vocabulum
577 2124 821 2184 adiungeret,
855 2123 1056 2175 ἀρωικέιτων
1088 2122 1314 2161 mutandum

23 2198 28 2204 ·
57 2177 201 2216 censuit
228 2178 267 2215 in
289 2177 547 2229 ἀκροαμάτων·
575 2177 628 2216 est
650 2179 750 2216 enim
773 2177 866 2215 haec
888 2176 988 2215 nuda
1008 2185 1156 2215 tantum
1183 2176 1317 2215 conie-

34 2228 37 2233 “
57 2229 187 2279 ecura,
202 2243 282 2269 non
294 2230 378 2269 l1br1
396 2230 590 2270 cuiusdam
610 2229 734 2283 scripti
755 2229 889 2269 leelio:
911 2230 1037 2278 inepte
1052 2242 1171 2268 vero:
1197 2229 1317 2281 expli-

58 2295 147 2324 care
161 2296 344 2337 perquam
366 2286 438 2325 erit
462 2284 628 2329 difficile,
654 2284 744 2337 quid
760 2283 805 2322 fit
828 2280 913 2322 οἶνον
928 2283 1022 2335 ἑκχσ
1026 2282 1054 2321 ῖν
1067 2297 1116 2331 με
1120 2296 1170 2320 τα
1183 2297 1315 2332 ακροα-

59 2335 203 2402 ματων.
224 2337 336 2377 Potes
358 2350 487 2378 autem
502 2353 528 2377 v
520 2338 567 2377 el
587 2337 784 2404 seiungere
804 2333 906 2384 οἶνον,
919 2337 1041 2386 κρόκον
1057 2335 1129 2376 δι’
1113 2350 1313 2388 αρωματα,

18 2431 34 2436 ,,
59 2388 172 2431 vel
137 2395 186 2431 οῖι
192 2406 225 2430 ον
234 2394 336 2442 μετὰ
349 2393 477 2444 κρόκων
491 2406 532 2430 τε
547 2407 613 2430 και
630 2391 832 2445 ἀρωματων
848 2390 1058 2443 intelligere
1074 2390 1208 2428 vinum
1225 2402 1315 2427 cro-

60 2456 109 2484 co
122 2455 236 2497 atque
250 2446 485 2485 aromatibus
499 2446 688 2484 imbutum
703 2456 971 2498 paratumque:
970 2424 1181 2483 ”familiare
1192 2442 1313 2481 Medi-

28 2526 33 2534 .
60 2498 114 2538 cis
124 2511 206 2540 non
216 2494 384 2540 solum
350 2503 440 2543 οἰνος
449 2499 532 2547 ὃιδι,
543 2499 605 2540 sed
615 2499 654 2540 &
662 2501 766 2552 μετὰ
778 2498 894 2552 ῥόὲων
905 2510 977 2552 pro
990 2496 1086 2552 §aaa
1088 2512 1136 2568 ος.
1147 2498 1310 2537 Hmsr.
