1737 3378
418 224 509 270 206
620 215 1487 266 ANNOTATIONES

417 306 586 356 maximis
609 304 656 356 ἐς.
683 304 757 344 &c.
788 304 871 343 vitii
900 317 1022 357 genus
1044 305 1086 344 in
1103 304 1344 346 Manethone
1369 305 1547 360 frequens
1565 305 1681 358 θυμέ-

416 372 542 408 λεσσι,
555 361 734 407 nemen,
753 360 934 405 σοςίεσσι,
955 371 1026 411 pro
1041 360 1245 408 θυμέλῃσι,
1258 359 1419 409 verifica,
1440 360 1593 408 σοφίῃσι.
1607 360 1681 400 Fa·

415 426 478 452 ma
492 425 619 452 tamen
634 425 770 452 eorum
781 442 794 458 ,
807 413 875 464 qui
890 414 929 450 in
944 414 1032 451 foro
1046 411 1294 452 versabantur
1307 442 1320 458 ,
1333 413 1445 453 valde
1460 413 1677 462 laborabat,

415 467 522 520 quasi
536 479 603 519 per
616 465 766 506 fraudes
779 465 1042 518 summamque
1057 465 1220 505 aliorum
1235 466 1413 505 iniuriam
1427 467 1578 506 divitias
1589 479 1681 507 con·

417 531 611 573 gererent:
632 521 720 559 audi
740 518 941 571 Synefium
961 520 1028 572 Ep.
1052 532 1148 567 100,
1163 533 1198 573 p.
1223 532 1298 567 240
1319 519 1364 560 C.
1382 518 1529 571 Ἑτέρως
1548 520 1594 559 ἓὲ
1609 519 1677 561 οὐκ

417 577 498 614 ἐστι
520 573 696 613 πλουτεῖν
717 574 751 612 ἐν
773 573 859 611 ταῖς
879 572 958 611 καθ’
979 570 1076 622 ὑμᾶς
1098 572 1260 625 ἀγοραῖς
1283 572 1336 623 μὴ
1362 572 1497 612 πάντα
1517 573 1679 627 μιγνύν-

416 642 470 666 τιι
484 627 550 666 καὶ
565 628 653 666 32?oe
676 629 741 665 καὶ
759 625 964 679 ἀνθρώπιναι
982 627 1140 675 sinam,
1155 627 1221 666 καὶ
1237 628 1411 679 κέρκωπα.
1432 627 1513 666 ἀντ’
1537 627 1678 667 ἑλευθέ-
1719 654 1724 662 ·

415 696 474 735 ρου
493 680 699 734 γινόμενον·
714 681 753 720 ὃ(
771 680 839 733 Ep.
859 693 931 729 147
943 711 956 729 ,
974 693 1063 734 pag.
1086 680 1162 720 286
1180 680 1224 720 B.
1245 681 1320 720 Hic
1339 679 1367 719 sl
1382 680 1482 720 testis
1500 680 1678 721 videatur

415 748 552 788 parum
570 735 730 774 idoneus
741 764 752 782 ‚
765 735 906 786 quippe
920 734 1088 787 iniquior
1099 763 1110 780 ,
1125 734 1231 787 quod
1243 734 1418 786 pluribus
1438 734 1476 773 in
1487 735 1583 774 locis
1595 747 1678 774 non

415 788 642 836 dissimulat,
667 787 723 826 isti
747 789 850 825 vitae
872 786 1067 833 instituto,
1091 789 1202 833 vide,
1230 800 1278 826 an
1305 788 1436 840 potius
1459 789 1678 828 Maternum
1720 791 1721 794 ’

419 843 558 896 probes
573 873 582 889 ,
599 857 691 894 quenz
707 840 898 891 patrocinia
913 843 1105 880 tranantem
1126 853 1301 880 tenuerunt
1313 842 1492 893 caufhrum
1503 843 1678 894 confliHa-

415 897 522 935 tiones
534 926 546 942 ‚
562 897 596 933 ὅ)
615 895 756 934 caninae
775 894 994 934 contentionis
1007 894 1155 947 iurgiofiz
1171 895 1371 934 certamina:
1391 895 1421 934 is
1442 894 1479 934 se
1492 894 1676 947 fhrenfium

415 951 632 989 certaminum
653 949 957 1001 depugnationibus
971 949 1146 987 liberatum
1158 977 1169 995 ,
1186 960 1326 987 exutum
1345 949 1444 988 etiam
1461 953 1678 1002 quodammo-

416 1007 459 1043 do
477 1005 624 1042 invidiae
645 1004 772 1055 laqueis
792 1002 930 1054 gaudet
945 1031 955 1049 ‚
975 1002 1134 1056 improbis
1152 1003 1186 1039 6·
1205 1003 1342 1053 perfidis
1357 1003 1545 1041 hominibus
1564 1004 1677 1056 craffa

415 1059 534 1096 livoris
551 1058 589 1099 ἃ
606 1057 777 1110 rapiendi,
791 1058 891 1094 immo
907 1057 1021 1107 potins
1046 1056 1271 1094 latrocinandi
1285 1054 1479 1108 (indicare
1498 1057 1677 1097 nimirum

415 1112 573 1160 voluit,
597 1123 677 1150 non
701 1109 785 1164 plus
804 1122 881 1149 una
901 1110 1009 1149 litera
1032 1109 1199 1150 verbum
1221 1109 1297 1149 hoc
1321 1122 1344 1148 a
1359 1110 1607 1161 patrocinando
1620 1112 1678 1151 di·
1728 1139 1731 1143 -

417 1165 537 1218 stare)
556 1167 714 1219 potestate
731 1163 898 1217 perrmffz.
918 1164 1082 1202 HEMST.
1727 1171 1730 1178 ·

471 1221 547 1259 ead.
565 1221 589 1258 I.
615 1234 628 1258 1
642 1233 672 1257 1.
694 1217 776 1257 Τοῖς
795 1216 1047 1271 κοροπλάθοις)
1067 1217 1167 1256 Vide
1186 1217 1250 1256 Ez.
1267 1216 1539 1270 Spanhemium
1554 1218 1601 1257 ad
1614 1218 1679 1258 Iu·

414 1274 505 1313 liani
528 1272 634 1314 Caes.
653 1272 822 1312 Preuves
844 1272 907 1310 des
926 1271 1038 1310 Rem.
1059 1285 1094 1324 p.
1123 1284 1210 1322 107,
1229 1271 1295 1310 ubi
1317 1283 1517 1324 perperam
1537 1271 1598 1312 hic
1620 1272 1678 1312 lo·

416 1340 488 1368 cus
507 1340 554 1367 ex
579 1327 785 1379 Halcyone
807 1326 963 1365 Luciani
987 1325 1190 1378 profertur.
1209 1324 1334 1364 lnam.
1727 1359 1729 1363 .

471 1385 542 1420 ead.
560 1382 583 1420 l.
604 1395 662 1420 12.
682 1379 860 1434 Δεῖγμα)
881 1377 1103 1432 Suspicabar
1122 1378 1325 1432 legendum
1341 1377 1414 1418 effe
1429 1377 1582 1432 ἓτῖγμει.
1607 1379 1680 1420 Sed

415 1447 521 1476 nunc
545 1435 640 1474 nihil
662 1446 783 1474 muto.
805 1434 963 1473 SOLAN.

473 1493 546 1528 ead.
559 1489 585 1527 l.
609 1502 668 1542 ¹3·
684 1482 805 1527 ’Ὡστὲ
818 1486 911 1540 μοι)
930 1487 988 1527 Ex
1013 1485 1064 1526 O.
1085 1485 1126 1526 δε
1151 1487 1207 1527 Μ.
1232 1485 1323 1526 illud
1336 1486 1399 1538 μοὶ
1421 1485 1682 1536 restituimus,

416 1556 490 1596 pro
508 1555 589 1596 quo
604 1543 641 1581 in
655 1540 837 1595 impreffis
849 1555 898 1591 με
910 1571 924 1587 ,
945 1540 1134 1581 mendose.
1155 1541 1311 1580 SOLAN.
1327 1540 1480 1580 Praeter
1497 1539 1621 1580 Codd.
1637 1541 1681 1580 il·

416 1598 484 1637 lud
503 1598 566 1647 μοὶ
590 1597 767 1636 revocari
792 1595 958 1648 postulat
978 1608 1056 1635 non
1080 1594 1205 1634 minus
1219 1594 1362 1635 Graeci
1376 1594 1560 1650 sermpnis
1574 1594 1683 1635 indo-

415 1651 494 1700 les,
513 1664 627 1704 quam
649 1649 725 1704 ipse
745 1650 958 1695 Lucianus,
975 1650 1013 1688 in
1030 1649 1134 1701 Nigr.
1154 1649 1169 1698 §
1188 1663 1257 1701 37,
1270 1647 1374 1699 ἐπῄει
1389 1647 1427 1686 δ”
1443 1651 1504 1689 οὐν
1527 1663 1592 1698 μοι
1616 1648 1681 1688 λε’·

419 1719 516 1758 γειν·
539 1704 769 1757 Diogenian.
787 1704 888 1756 apud
906 1702 1036 1742 Euseb.
1061 1702 1102 1740 P.
1123 1703 1165 1742 E.
1191 1703 1270 1748 Vl,
1288 1716 1324 1755 p.
1348 1702 1424 1752 264
1442 1702 1492 1741 A.
1509 1700 1606 1742 ὥστ-ε’
1615 1717 1682 1752 μοι

417 1758 634 1810 θαυμάζειν
658 1756 795 1797 ἔπεισε.
820 1757 1019 1797 Cleomed.
1037 1760 1077 1794 K.
1101 1762 1146 1795 Θ.
1162 1755 1221 1803 Π,
1237 1769 1323 1809 pag.
1344 1755 1416 1804 89,
1430 1756 1485 1806 τῷ
1499 1755 1682 1809 Ὁμηρικῷ

417 1815 575 1866 Θερσίτῃ
599 1811 726 1852 ἔπεισί
737 1826 801 1864 μοι
819 1808 932 1850 αὐτὸν
951 1809 1182 1861 ἀπεικάζειν.
1209 1824 1245 1862 p.
1269 1810 1339 1859 87,
1362 1808 1455 1849 ὥστ’
1478 1806 1557 1849 οὗθ’
1578 1809 1682 1860 ἐπῄει

418 1865 524 1915 αὐτῷ
543 1865 669 1906 ἐκεῖνο.
695 1865 887 1904 Plutarch.
912 1864 1024 1918 Ages.
1043 1878 1078 1918 p.
1102 1865 1175 1917 603
1201 1863 1254 1903 D.
1271 1863 1349 1903 616
1363 1864 1405 1903 F.
1421 1876 1552 1916 parem
1569 1863 1683 1904 habet

419 1920 462 1960 &
476 1921 676 1960 notionem
695 1920 735 1959 δι
756 1918 983 1958 struauram
1004 1919 1251 1971 ἐπέρχεσθαι.
1271 1918 1310 1956 in
1327 1917 1464 1957 Amor.
1487 1917 1504 1966 §
1524 1931 1586 1971 23.
1601 1917 1684 1957 De-

418 1974 557 2014 mosth.
577 1973 741 2026 Olynth.
757 1972 800 2021 1,
819 1987 855 2026 p.
883 1986 898 2011 1
926 1974 970 2013 B.
988 1973 1056 2025 Ep.
1077 1971 1111 2010 ll
1124 2003 1135 2019 ‚
1155 1971 1364 2025 ἐπέρχεταί
1380 1986 1443 2021 μοι
1472 1971 1684 2023 παῤῥησιέι-

417 2029 574 2079 {samer
595 2028 634 2066 in
649 2027 808 2066 Macart.
829 2041 864 2079 p.
886 2027 983 2066 1028
1001 2027 1044 2065 B.
1061 2025 1377 2077 ὃιιιοτρέιττεσῧιιι
1396 2025 1437 2073 ‘o',
1453 2039 1491 2064 τι
1510 2025 1553 2065 ἂν
1569 2024 1684 2064 ἐπέλ-

418 2086 464 2131 θῃ
478 2081 638 2120 τούτοις.
655 2081 793 2120 Strabo
812 2079 921 2127 XIII,
934 2094 983 2140 p
999 2080 1070 2132 891
1098 2080 1140 2118 Β.
1165 2079 1289 2117 αἰτίαι
1303 2109 1315 2126 ,
1329 2078 1381 2117 ss’
1397 2078 1445 2118 δὶς
1458 2077 1535 2117 τοῖς
1556 2076 1685 2119 Ἰλιεῦ-

423 2151 479 2176 σιν
500 2134 635 2174 ἐπῆλθε
658 2134 744 2174 τοὺς
766 2133 835 2185 μὲν
857 2148 998 2185 τιμςιν,
1018 2132 1103 2172 τοὺς
1125 2132 1170 2171 δὲ
1189 2130 1253 2181 μή.
1274 2131 1518 2185 Alciphr.111
1534 2131 1602 2185 Ep.
1623 2146 1683 2172 12.

420 2189 615 2228 Plutarch.
630 2189 715 2229 Nic.
735 2201 817 2240 pag·
842 2202 914 2239 527
930 2189 971 2227 E.
987 2187 1136 2240 plenius
1152 2185 1259 2225 Dion
1276 2185 1417 2237 Chrys.
1435 2197 1520 2239 pag.
1537 2185 1614 2234 466
1636 2186 1683 2226 Β.

419 2242 573 2283 σπουδὴ
591 2242 638 2282 ἒέ
647 2256 711 2292 μοι
725 2239 949 2281 ἐπελήλυθεν
961 2240 1194 2292 μακαρίσαι,
1205 2240 1364 2279 Liviana
1381 2239 1593 2285 locutione,
1600 2239 1687 2291 sub-

421 2298 464 2336 iis
484 2298 631 2336 animum
650 2298 805 2349 impetus.
830 2296 938 2335 Haec
958 2295 1068 2334 fimul
1085 2294 1249 2348 probant
1269 2294 1307 2332 in
1328 2293 1411 2332 Iud.
1427 2294 1531 2332 Voc.
1553 2292 1569 2342 §
1589 2307 1611 2332 2
1631 2293 1688 2332 le-

421 2351 589 2403 gendum
603 2349 696 2396 esse,
717 2349 802 2388 8405
828 2347 872 2387 Σὲ
891 2346 928 2388 οὗ
948 2349 1073 2400 μικρὸν
1085 2362 1149 2397 μοι
1168 2348 1242 2387 &c.
1267 2347 1480 2399 ἐπέρχεται
1493 2376 1507 2392 ,
1527 2359 1609 2386 non
1620 2360 1685 2397 με.

423 2405 527 2445 Utro
556 2417 605 2444 ue
619 2403 706 2444 casu
722 2403 887 2455 gaudent
902 2403 1150 2453 εἰσέρχεο-3ου
1165 2401 1204 2440 &
1224 2400 1388 2440 εἰσιέναι.
1404 2401 1492 2440 Vid.
1509 2399 1685 2440 Priscian.

424 2458 537 2499 XVII
565 2490 577 2507 ‚
592 2472 629 2511 p.
648 2472 663 2496 1
676 2458 760 2508 178.
775 2457 919 2496 Thom.
942 2457 1049 2508 Mag.
1066 2456 1106 2494 in
1129 2453 1261 2505 Εὶσῇει.
1281 2454 1579 2507 Platonis‚quae
1592 2466 1685 2508 pro-

424 2511 574 2563 ferunt,
592 2512 678 2553 loca
694 2511 858 2566 reperies
873 2511 911 2550 in
924 2509 1059 2550 Phaed.
1078 2523 1112 2564 p.
1130 2524 1181 2560 44
1194 2509 1236 2549 F.
1250 2522 1299 2564 45
1315 2509 1363 2549 A.
1379 2509 1425 2558 de.
1439 2507 1537 2563 Rep.
1550 2508 1591 2555 1,
1602 2521 1687 2562 pag,
