1737 3378
445 269 534 317 3p
641 247 1507 300 ANNOTATIONES

424 342 616 386 'trahebam
642 341 700 394 qui
727 341 841 394 nuptis
864 341 933 380 vim
956 341 1137 392 inserebat,
1166 342 1315 394 virgines
1333 345 1603 395 perducebantur.
1634 343 1710 385 Per

441 407 505 434 me
529 404 658 433 tamen
683 395 857 442 licuerit,
883 393 911 433 si
934 397 1022 448 quis
1047 394 1087 434 &
1110 396 1172 434 hic
1195 396 1370 435 maluerit
1399 394 1606 450 ἀπήγοντο.
1634 399 1708 438 Di-

442 459 583 488 xerunt
597 448 635 487 id
647 448 769 488 Latini
786 452 973 502 perducere.
996 448 1202 488 Suetonius
1222 450 1259 488 in
1274 449 1438 489 Tiberio
1454 463 1536 504 cap.
1551 465 1597 501 45
1613 466 1621 490 ε
1641 453 1706 491 Fe-

443 503 607 541 minarum
628 517 755 555 quoque
769 533 780 551 ‚
802 503 837 540 6²
857 503 985 555 quidem
1006 503 1204 555 illustrium,
1234 504 1402 555 capitibus
1424 516 1624 558 quantopere
1641 504 1710 556 sb-⁴

439 555 524 594 litus
537 557 585 607 fit
602 556 761 602 illudere,
775 557 1005 608 evidentzffi'me
1020 556 1181 609 apparuit
1196 557 1388 595 Malloniae
1401 557 1574 609 cuiusdam
1588 558 1681 597 exitu
1691 588 1705 608 ,

441 623 543 661 quam
560 612 770 662 perdublam,
792 626 849 648 nec
868 611 1048 662 quidquam
1074 610 1220 661 amplius
1234 611 1315 662 pati
1337 611 1587 663 constannfflme
1611 627 1703 651 recu-

432 665 567 715 thntcrn
582 693 593 708 ‚
616 663 816 703 delatoribus
837 664 964 702 obiecit.
986 664 1046 703 Sic
1061 663 1186 702 Lollia
1201 663 1369 703 Paullina
1383 667 1540 717 perduHa
1551 664 1708 718 Caligu-

440 717 502 755 lae
517 728 755 756 memoratur
768 717 814 755 ab
830 717 965 756 eodem
984 717 1021 755 in
1045 716 1165 769 Calig.
1181 730 1211 757 c.
1234 730 1294 769 25.
1309 717 1369 756 Sic
1388 719 1586 770 perduelus,
1601 718 1705 759 haud

440 770 554 809 dubie
569 772 614 809 acl
629 771 801 824 stuprum
813 800 824 815 ‚
837 771 975 810 dicitur
986 769 1182 810 Pausanias
1193 802 1203 817 ,
1215 770 1437 810 interfeetor
1450 771 1607 826 Philippi
1619 773 1706 811 Ma-

441 825 616 870 cedonis.
639 825 687 863 ab
704 823 850 863 Iustino
867 823 922 863 IX
935 855 946 872 ‚
960 837 990 863 c.
1009 825 1057 870 6,
1081 823 1146 863 ubi
1169 825 1257 863 vide
1271 825 1565 865 Berneccerum.
1585 825 1704 879 Apud

441 877 622 917 ciceron.
636 878 698 917 lib.
722 877 740 916 I
761 878 798 916 in
819 878 933 918 Verr.
957 891 1026 926 12,
1045 878 1199 916 lenonum
1212 906 1222 924 ‚
1247 880 1455 924 aleatorum,
1474 882 1704 932 perduHorum

441 933 540 970 nulla
559 933 679 970 mentio
695 933 793 983 fiat:
822 931 863 971 &
881 932 919 971 V
942 931 982 969 in
1003 931 1118 971 Verr.
1145 944 1188 968 12
1208 931 1344 971 dicitur
1362 932 1495 972 Tertia
1517 933 1706 986 quaedam

441 998 510 1038 per
532 985 664 1024 dolum
686 985 731 1024 ad
750 985 915 1024 Verrem
935 984 1126 1037 perdue‘ta.
1153 984 1260 1023 lens.

496 1042 569 1078 ead.
598 1039 622 1077 l.
651 1039 687 1078 6.
716 1039 797 1077 Ἐπ’
817 1038 964 1091 ἀρότῳ)
991 1039 1057 1076 Ad
1077 1039 1195 1076 liberos
1211 1041 1449 1092 procreandos.
1476 1039 1616 1079 BROD.
1645 1039 1707 1079 Εἷς

442 1094 485 1130 τὸ
506 1094 748 1144 σπερμαίνειν
767 1094 908 1144 ’γενεὰν
921 1122 931 1140 ,
956 1103 1000 1131 ut
1018 1093 1068 1131 ait
1089 1091 1244 1131 Hefiod.
1268 1093 1319 1132 εἰς
1340 1092 1472 1145 σπόρον
1493 1091 1561 1132 τῆς
1578 1092 1708 1145 γονῆς.

440 1146 615 1186 Eoum).
640 1145 812 1186 Consule
833 1146 927 1185 Not.
946 1148 990 1184 ad
1006 1146 1200 1184 Iamblich.
1222 1158 1259 1185 n.
1276 1159 1362 1186 210.
1384 1146 1540 1186 SOLAN.
1565 1145 1708 1199 Legiti-
1736 1153 1737 1158 ’

442 1213 504 1238 ma
528 1200 714 1253 quaedam
739 1200 840 1253 apud
863 1200 1113 1239 Athenienses
1140 1199 1232 1240 haec
1253 1210 1332 1239 erat
1355 1199 1532 1239 formula.
1570 1199 1702 1240 lfidor.

441 1252 562 1293 Pelus.
581 1253 662 1302 111,
685 1268 757 1306 243
771 1283 780 1300 ,
794 1254 886 1304 παρ’
907 1254 1101 1293 Ἀθηναίοις
1117 1250 1135 1294 ἦ
1153 1253 1332 1300 συνάφειαι
1352 1250 1370 1293 ἧ
1393 1255 1501 1292 κατὰ
1522 1253 1626 1304 νόμον
1643 1253 1706 1293 ἐπ’

440 1308 466 1344 ἐι.
492 1308 580 1361 ὁτρῳ
595 1307 743 1347 meilen
765 1307 918 1360 ἐλέγετο
938 1309 1128 1360 γίνεσὲαι·
1173 1320 1380 1359 uamquam
1402 1308 1438 1346 in
1452 1308 1706 1348 Artemidoro
1734 1314 1737 1323 ¹

439 1360 457 1400 I
488 1393 499 1410 ‚
514 1375 543 1400 c.
561 1377 631 1410 24,
655 1359 801 1413 ἄροτρον
815 1362 962 1401 dicatur
978 1360 1052 1400 effe
1069 1361 1154 1414 ἀγα
1175 1363 1210 1400 ὃν
1220 1364 1310 1414 ’πρὶς
1327 1363 1454 1414 γάμον
1469 1362 1534 1400 καὶ
1554 1361 1706 1401 oraison!
1734 1367 1735 1370 ’

440 1415 564 1468 γονὴν,
582 1415 608 1454 fi
630 1415 704 1453 hoc
718 1414 842 1453 visum
863 1414 1066 1454 somnianti
1082 1414 1265 1454 obveniat
1278 1444 1289 1461 ‚
1315 1414 1378 1454 hic
1398 1425 1524 1454 tamen
1548 1413 1634 1455 satis
1651 1414 1706 1455 est

439 1480 592 1508 certum
617 1468 755 1508 debere
777 1468 850 1521 legi
869 1468 929 1508 ἐπ’
944 1468 1077 1521 ἀρότῳ.
1098 1468 1248 1507 Vitium
1263 1467 1443 1522 frequens
1457 1467 1587 1508 fefellit
1601 1467 1702 1510 Sam.

439 1522 604 1561 Peritum
619 1522 665 1561 ad
679 1522 752 1562 LL.
765 1521 848 1561 Att.
865 1537 900 1575 p.
915 1524 1009 1576 436,
1023 1522 1063 1561 ἅς
1077 1522 1331 1574 Lindenbrog.
1347 1522 1392 1561 ad
1406 1521 1554 1562 Donat.
1564 1535 1600 1575 p.
1612 1522 1704 1577 643.

439 1577 796 1617 animadverterunt
819 1575 1000 1616 Gataker.
1021 1576 1066 1615 de
1091 1577 1140 1615 N.
1164 1576 1214 1616 T.
1233 1576 1330 1629 Styl.
1350 1588 1383 1615 c.
1407 1574 1485 1623 XI,
1510 1576 1575 1616 ubi
1594 1589 1706 1616 vere·

440 1631 587 1670 cundas
607 1629 919 1683 honestioresque
939 1631 984 1670 de
1000 1643 1042 1670 re
1054 1643 1220 1670 venerea
1237 1630 1456 1670 locutiones
1474 1629 1650 1683 pluribus
1664 1630 1706 1670 il-

438 1683 593 1733 lustrat,
619 1685 659 1725 &
679 1685 720 1724 L.
745 1683 894 1724 Kuster.
916 1685 964 1723 ad
979 1683 1173 1724 Iamblich.
1195 1685 1241 1724 de
1261 1683 1367 1724 V.P.
1385 1683 1401 1733 §
1425 1697 1523 1730 210,
1541 1684 1707 1737 cui-ysr-

440 1735 560 1779 νῆσεις
587 1749 851 1779 memorantur
874 1737 915 1777 αἱ
935 1738 998 1777 ἐπὶ
1013 1737 1232 1787 unvammai
1252 1737 1404 1790 σώφρονί
1419 1751 1464 1776 τε
1485 1737 1551 1777 καὶ
1565 1737 1705 1789 νομίμῳ

440 1793 650 1845 γενομένω.
664 1791 881 1832 Aristaen.1
902 1792 972 1846 Ep.
988 1805 1050 1845 19,
1071 1792 1134 1832 καὶ
1153 1792 1214 1831 ἐπ’
1227 1791 1362 1845 ἀρότρῳ
1377 1789 1527 1832 quiscur
1546 1791 1706 1844 ’γνησίων

439 1847 611 1899 ἐρωμένην
624 1844 707 1899 ἦγά
745 1860 804 1885 ero
816 1844 1008 1898 ’γαμετήν-
1031 1846 1179 1886 mireris
1190 1844 1290 1894 sane,
1304 1843 1565 1899 elegantiffimi
1581 1844 1704 1887 Iofiae

440 1900 611 1940 Merceri
630 1861 901 1954 pergicaciam
922 1913 1001 1939 non
1019 1901 1142 1939 minus
1162 1900 1221 1939 hic
1233 1897 1400 1946 ceffaffe,
1413 1911 1530 1952 quam
1545 1899 1708 1939 Lambe-

438 1954 489 1993 cii
515 1954 552 1993 in
575 1954 707 1994 Prodr.
725 1954 824 1994 Gell.
846 1955 892 1993 ad
904 1953 978 2001 IV,
1003 1969 1036 2007 3.
1061 1953 1171 2006 Quin
1183 1952 1312 1992 Defid.
1326 1952 1537 2000 Heraldus‚
1553 1952 1704 1994 tametsi

441 2008 488 2046 ad
503 2007 653 2047 Arnob.
670 2007 770 2056 VII,
793 2021 829 2060 p.
854 2008 950 2061 263,
973 2007 1078 2047 hunc
1096 2006 1216 2061 ipsum
1236 2005 1448 2060 protuliffet
1463 2006 1623 2047 Luciani
1643 2006 1704 2048 lo·

441 2074 533 2101 cum
544 2093 555 2110 ‚
572 2076 608 2114 p.
630 2075 643 2100 1
657 2075 700 2116 ¹9
716 2060 882 2114 scripsit,
897 2061 1106 2100 contrahitur
1116 2061 1361 2101 matrimonium
1381 2061 1441 2100 ἐπ’
1457 2060 1593 2114 ἄρότρῳ
1609 2060 1704 2100 παί-

439 2114 526 2155 δων.
550 2115 682 2155 Multo
700 2115 855 2168 gravius
878 2125 1106 2168 corruptum
1130 2115 1168 2153 in
1188 2115 1362 2168 Alciphr.
1382 2113 1401 2153 Ι
1420 2113 1488 2168 Ep.
1510 2115 1535 2154 6
1555 2113 1703 2168 peritis-

439 2168 538 2208 simo
556 2169 710 2222 linguae
722 2168 895 2209 Graecae
905 2169 1090 2222 Berglero
1103 2181 1182 2208 non
1197 2167 1341 2208 obstitit
1352 2199 1363 2216 ‚
1384 2181 1465 2221 quo
1479 2168 1608 2208 minus
1621 2180 1707 2210 cer.

438 2233 518 2262 tam
540 2223 843 2263 emendationem
867 2223 1104 2276 pervideret:
1130 2233 1328 2276 parentes,
1349 2222 1494 2275 inquit,
1515 2218 1550 2260 οἵ
1566 2236 1617 2273 με
1633 2221 1702 2276 ἐγ·

439 2277 586 2330 wir-tina
603 2276 793 2328 ἐπίκληρον
813 2277 877 2316 ἐπὶ
900 2276 1049 2317 παίδων
1072 2276 1251 2329 ἁροιρότων
1272 2273 1620 2329 ’γνησίωνσυνὶἶψοὶν
1641 2289 1700 2316 σοι

439 2330 572 2384 γάμῳ·
598 2343 678 2371 non
699 2331 807 2370 aliter
830 2330 1000 2370 exstabat
1022 2331 1060 2369 in
1087 2331 1238 2370 duobus
1263 2328 1522 2370 Bibliothecae
1542 2328 1702 2369 Heidel-

437 2384 630 2437 ber'genfis
653 2384 887 2434 Codicffius,
910 2397 1080 2438 quorum
1104 2397 1126 2423 a
1141 2383 1333 2424 Neveleto
1350 2383 1519 2422 instituta
1543 2382 1700 2423 collatio

438 2449 555 2491 penes
580 2451 641 2478 me
666 2438 731 2478 est.
758 2438 862 2478 Audi
890 2437 1087 2478 Platonem
1115 2439 1151 2476 in
1171 2438 1274 2477 Crat.
1291 2451 1328 2491 p.
1347 2450 1421 2489 279
1437 2436 1484 2476 C.
1508 2436 1576 2476 ubi
1598 2436 1700 2476 inter
1733 2452 1735 2455 ·

438 2492 530 2531 alias
544 2491 832 2545 τῆςἈρτέμιέος
851 2493 1019 2545 origines
1037 2493 1135 2531 hanc
1154 2493 1268 2531 etiam
1282 2523 1292 2539 ‚
1312 2490 1439 2531 nescio
1454 2503 1502 2530 an
1522 2489 1632 2529 nimis
1649 2490 1701 2528 ri-

437 2546 626 2594 diculam,
648 2546 833 2599 adiungit:
865 2547 986 2598 τάχα
1014 2544 1050 2585 5²
1072 2545 1118 2587 ἃν
1141 2546 1207 2587 καὶ
1230 2540 1278 2586 ὡς
1299 2548 1361 2586 τὶν
1381 2546 1507 2598 ἄροτον
1531 2542 1701 2596 fatone&
1731 2558 1733 2561 ⁴
