1737 3378
409 221 503 268 252
615 196 1477 246 ANNoTATIONES

411 291 508 332 lum,
532 285 595 337 sed
617 286 715 323 etiam
742 283 898 323 viHoriae
926 282 1021 322 bonis
1039 283 1219 335 florebunt.
1246 284 1360 323 Plane
1384 294 1426 323 ut
1448 282 1587 336 poeiae
1616 283 1668 326 illi

412 339 573 378 ἁνθεῦσοι
598 337 770 392 ἀγαθοῖς.
798 337 931 376 Livius
953 338 1091 376 iterum
1112 337 1223 383 XLI,
1245 350 1277 377 c.
1304 349 1371 376 11:
1396 338 1528 376 Florere
1554 338 1670 390 (Per-

411 392 501 445 sea)
523 405 692 446 praeterea
718 393 888 431 iuventute
902 420 912 437 ‚
937 406 1037 444 quam
1055 392 1188 444 stirpem
1209 391 1309 444 longa
1324 406 1401 443 pax
1423 391 1581 429 ediderit:
1596 395 1668 443 flo-

413 461 480 485 rere
504 448 622 500 opibus
642 447 731 498 regni
743 461 758 492 ;
775 448 893 498 florere
915 446 1015 483 etiam
1037 456 1155 483 aetate.
1186 444 1264 483 Hic
1285 446 1322 483 in
1338 445 1462 496 primo
1477 443 1517 483 &
1537 442 1672 484 secun-

413 500 466 538 do
487 499 578 540 loco
594 501 686 552 quid
700 503 818 552 florere
837 499 951 543 aliud,
965 510 1079 550 quam
1093 497 1284 536 abundare?
1297 497 1399 536 ltus.
1414 497 1525 549 Quid
1543 498 1673 548 audio,

416 551 542 603 ‹sl-4²¹5
565 556 839 603 πιμπλάμενον
863 551 973 591 ἀνθεῖν
999 551 1147 605 ἀγρίαις
1167 550 1259 590 emo.
1289 552 1397 590 Haec
1418 561 1521 590 certe
1545 552 1672 604 ἀκυρο-

415 608 534 660 λογία
551 620 600 646 ne
618 608 656 645 in
675 610 790 660 poeta
803 605 955 658 quidem
975 605 1256 656 dithyrambico
1276 603 1319 643 sit
1337 604 1508 652 ferenda,
1529 605 1670 645 nedum

414 660 456 699 in
478 662 676 707 Luciano3
699 662 762 699 cui
784 658 852 711 qui
874 659 1000 711 potuit
1021 660 1059 697 in
1085 669 1249 698 mentem
1276 658 1428 703 venire,
1447 668 1490 697 ut
1506 658 1672 698 verbum

415 714 636 753 laetiffimae
655 712 936 766 significationis
955 724 1090 751 contra
1103 712 1242 752 Graeci
1261 711 1446 751 sermonis
1467 710 1575 750 usum
1595 723 1674 751 tam

417 768 519 807 male
550 768 783 807 collocaret?
819 778 906 804 nam
941 766 1046 817 quod
1075 766 1176 819 apud
1201 764 1438 816 Aeschylum
1470 764 1608 817 legitur
1637 766 1677 806 in

417 821 560 874 Agam.
590 835 629 861 v.
655 820 755 868 668,
781 818 902 858 ἀνθοῦν
922 819 1101 872 πέλαγος
1123 819 1278 871 νεκροῖς,
1303 819 1573 871 exponendum
1595 817 1675 867 est,

419 887 622 914 mortuorum
642 889 752 914 cruore
778 876 895 912 rubens
915 888 1024 921 mare,
1044 873 1150 925 quod
1169 873 1211 911 &
1230 872 1435 912 Stanleium
1456 872 1672 924 praeteriit3

417 929 506 977 vel,
532 928 557 966 si
586 929 730 975 mavis,
749 929 939 981 spumans,
970 927 1015 965 de
1039 939 1116 979 qua
1145 926 1257 965 vocis
1284 927 1430 965 virtute
1451 926 1676 978 Berglerum

420 982 510 1021 vide
531 982 575 1020 ad
598 981 804 1035 Alciphr.1
827 981 896 1033 Ep.
921 992 956 1016 1.
975 992 1101 1032 neque
1121 992 1181 1018 me
1195 978 1347 1031 fugiunt
1364 979 1425 1018 illa
1443 978 1590 1018 Platon.
1606 978 1682 1019 Po·

421 1035 476 1074 lit.
497 1049 534 1088 p.
554 1035 625 1088 538
650 1037 693 1075 E.
708 1038 750 1073 τὶ
765 1033 813 1073 τιῖ
817 1049 832 1074 ς
847 1034 1024 1072 παλαιᾶς
1039 1035 1290 1085 ἀναρμοστίας
1301 1032 1417 1072 πάθος
1430 1032 1679 1073 τελευτῶντος

420 1089 571 1140 ἐξανθεῖ
584 1088 649 1128 τοῦ
668 1088 811 1143 χρόνον.
826 1087 871 1127 de
884 1087 958 1126 LL.
978 1087 1050 1134 IV,
1070 1101 1107 1140 p.
1121 1086 1198 1136 827
1222 1086 1263 1125 F.
1275 1086 1364 1137 ὅπερ
1379 1084 1476 1125 εὗθὺς
1487 1086 1600 1126 παισὶ
1613 1087 1679 1127 καὶ

421 1145 558 1194 ἓυρίοις
586 1143 662 1182 &c.
691 1141 878 1194 ξύμφυτον
900 1139 1060 1180 ἐπανθεῖ·
1084 1142 1125 1180 &
1147 1139 1279 1179 similia
1299 1140 1425 1193 plura:
1448 1152 1585 1179 verum
1612 1139 1681 1180 ista
1736 1174 1737 1188 ,

419 1196 500 1236 huc
519 1210 597 1236 non
616 1196 847 1244 convenire,
869 1194 958 1234 nihil
977 1194 1052 1243 est,
1069 1205 1110 1235 ut
1126 1194 1226 1247 apud
1241 1195 1384 1247 peritos
1405 1194 1579 1247 probem.
1599 1194 1684 1234 Hu-

419 1251 483 1289 ius
507 1251 620 1303 igitur
651 1251 820 1290 criminis
849 1261 892 1288 ut
916 1249 1113 1288 Lucianus
1144 1247 1389 1296 absolvatur,
1416 1245 1682 1300 refingendum
1736 1255 1737 1294 ξ

421 1317 520 1356 puto
540 1300 704 1358 αὖχμεϊ·
719 1305 830 1344 cuius
850 1303 961 1341 verbi
975 1300 1282 1355 opportuniffimi
1301 1300 1390 1340 sane
1406 1299 1491 1340 fieri
1505 1301 1575 1340 vix
1595 1313 1684 1355 pot·
1736 1315 1737 1319 ¹

422 1357 501 1403 est,
529 1359 620 1409 quin
641 1357 780 1397 Noster
801 1357 1012 1396 meminerit
1038 1358 1134 1395 inter
1156 1354 1222 1394 ista
1247 1368 1324 1394 tam
1347 1366 1511 1408 cognata
1525 1385 1536 1402 ,
1557 1353 1684 1405 ἕρημος
1736 1382 1737 1393 ,

421 1411 441 1449 ὃ
464 1410 610 1464 χῶρος,
634 1411 773 1460 δίψης,
796 1412 947 1465 ἀγρίαις
975 1409 1180 1459 ἐπιθυμίαις.
1211 1409 1363 1457 Δι’ψης,
1385 1410 1566 1461 inquam:
1593 1422 1682 1449 nam

422 1465 533 1516 quod
546 1477 593 1503 ex
613 1466 670 1504 ed.
688 1465 715 1503 l.
732 1463 925 1518 profertur
939 1462 1047 1510 ἰλύος,
1067 1463 1232 1502 multum
1252 1463 1342 1502 huic
1354 1461 1566 1514 scripturae
1577 1462 1683 1516 post-

425 1517 563 1557 habeo.
590 1519 708 1571 Agris
728 1518 927 1558 arentibus
955 1518 997 1556 &
1019 1517 1141 1570 longo
1169 1516 1273 1556 aestu
1294 1516 1469 1569 squalidis
1491 1515 1596 1565 sida
1619 1517 1688 1556 tri-

424 1572 557 1611 buitur
579 1573 620 1612 &
639 1571 777 1621 ἓικιᾷἱν.
802 1570 928 1621 Andria.
949 1571 1060 1618 κόνις,
1078 1570 1181 1622 ξηρά·
1197 1570 1363 1623 Hesych.
1378 1570 1485 1622 quod
1497 1581 1520 1608 a
1538 1570 1690 1623 Sopho-
1730 1601 1737 1609 .

423 1625 482 1665 cle
498 1624 664 1665 sumtum
686 1628 723 1665 in
740 1627 870 1679 Antig.
887 1640 924 1663 v.
952 1639 1039 1675 252.
1058 1626 1230 1663 ἀοίκητος
1245 1625 1308 1663 καὶ
1325 1623 1455 1674 sissme
1473 1622 1550 1676 755,
1563 1622 1687 1665 Clem.

426 1679 543 1719 Alex.
564 1680 704 1719 Strom.
725 1679 766 1728 1,
788 1695 825 1733 p.
853 1692 927 1732 317
952 1678 998 1718 C.
1021 1680 1088 1718 ubi
1109 1678 1238 1731 ἕρημος
1257 1678 1299 1717 &
1322 1677 1449 1730 ἐρημία
1472 1677 1689 1731 praeceffit:

426 1746 554 1786 neque
569 1734 778 1773 obscurum
797 1733 849 1773 est
861 1763 872 1781 ‚
894 1745 962 1772 cur
984 1733 1114 1778 Λιβύης
1133 1730 1298 1782 ὃιψέιέοι
1315 1732 1439 1784 γαῖαν
1457 1732 1594 1770 dixerit
1605 1731 1690 1786 Op-

426 1788 531 1840 pian.
555 1787 660 1838 Cyn.
677 1788 748 1834 IV,
796 1801 857 1827 20.
876 1787 1106 1829 Eumenius..
1127 1787 1259 1838 Libyae
1281 1801 1368 1825 arva
1381 1786 1555 1838 ficientia:
1581 1802 1691 1834 nam,

426 1851 474 1880 ut
497 1841 620 1881 scribit
643 1841 746 1881 Mela
764 1802 804 1888 s,
826 1857 871 1890 4,
886 1842 1038 1895 pleraque
1065 1841 1137 1880 eius
1163 1841 1292 1879 inculta
1310 1870 1321 1886 ,
1351 1839 1385 1878 6·
1409 1852 1473 1879 aut
1495 1841 1607 1880 arenis
1620 1841 1691 1893 ste-

427 1896 546 1934 rilibus
577 1898 715 1937 obduffa
729 1926 741 1941 ‚
767 1909 831 1934 aut
849 1896 889 1934 ob
902 1897 995 1947 sitim
1011 1896 1092 1935 coeli
1111 1907 1332 1948 terrarumque
1353 1893 1479 1945 deserta
1488 1894 1592 1946 ficut:
1615 1906 1688 1934 no-

428 1959 514 1988 tum
536 1949 590 1988 est
611 1950 701 1989 illud
721 1949 871 2002 Virgilii
896 1971 941 1978 --
963 1950 1019 1988 ubi
1041 1949 1155 1988 hiulca
1166 1949 1226 2001 fiti
1236 1949 1344 2000 findit
1368 1948 1463 1987 canis
1486 1947 1613 2002 aestifer
1632 1963 1691 1986 ar-

431 2019 499 2043 va.-
522 2015 721 2056 praetereo
741 2001 971 2053 ’πολυδίψιον
981 2000 1133 2056 Ἄργος,
1153 2003 1259 2055 quod
1274 2003 1380 2041 varie
1395 2013 1546 2041 veteres
1565 2000 1692 2054 expli·

430 2068 619 2105 cuerunt‚
638 2058 797 2097 Horatii
812 2056 1024 2109 fiticulosam
1044 2057 1212 2109 Apuliam
1228 2086 1238 2103 ,
1268 2054 1531 2101 Columellae,
1557 2056 1690 2095 aridum

432 2111 690 2167 acfiticulgsum
702 2111 828 2162 sblum.
848 2110 1129 2150 percommode
1143 2109 1312 2162 Dionys.
1335 2109 1480 2162 Perieg.
1494 2121 1532 2148 v.
1558 2108 1628 2148 182
1644 2109 1694 2148 de

432 2165 583 2216 Libya:
604 2166 646 2204 Ἠ
670 2168 750 2217 γὰρ
765 2162 905 2216 ὃιψηρίι
927 2178 971 2202 τε
996 2165 1059 2203 καὶ
1074 2161 1321 2216 αὖχμύεσσα
1335 2166 1535 2202 τέτυκται·
1553 2163 1695 2215 pariter

432 2219 471 2256 in
492 2219 685 2272 Aristoph.
707 2219 742 2257 Ν
747 2218 809 2258 ub.
826 2232 865 2256 V.
883 2231 963 2266 440
983 2217 1112 2257 iunEla
1132 2219 1299 2271 reperies
1317 2216 1436 2267 ἓιψῇν
1450 2216 1490 2256 δι
1504 2213 1694 2269 αὐχμεῖν·

433 2272 593 2311 Lucian.
617 2280 662 2312 Δ.
685 2275 776 2325 πρὸς
797 2277 864 2310 Hc.
891 2273 959 2321 §7,
985 2265 1023 2311 ἦν
1043 2268 1266 2324 ὃὲάὖχμὶς
1292 2271 1457 2318 ἐπιλάβῃ
1485 2271 1549 2309 καὶ
1573 2269 1694 2320 διψῆ-

434 2340 547 2364 σωσιν
560 2327 599 2365 αι’
614 2326 760 2378 ἄρουραι
776 2325 851 2365 &c.
866 2325 918 2374 τῷ
935 2325 1042 2375 δίψει
1056 2321 1189 2364 ειῦτῶν.
1204 2325 1404 2377 Eleganter
1419 2336 1516 2364 vero
1529 2324 1575 2364 de
1588 2335 1695 2363 men-

434 2391 498 2425 te,
520 2393 620 2432 quae
639 2380 752 2419 nullis
779 2379 924 2418 imbuta
947 2379 1154 2418 virtutibus
1179 2378 1220 2417 δι
1241 2379 1364 2430 tigata
1378 2409 1388 2423 ‚
1414 2389 1597 2430 tanquam
1622 2377 1695 2416 ari-

436 2433 527 2472 dum
549 2433 707 2486 aliquod
731 2445 845 2486 atque
869 2433 1055 2472 incultum
1080 2432 1227 2476 solum,
1251 2433 1374 2471 noxio
1393 2432 1578 2471 vitiorum
1587 2443 1696 2490 pro-

438 2498 562 2528 ventu
584 2487 730 2541 squalet
745 2488 974 2541 horretque:
999 2485 1196 2539 Chrysost.
1217 2484 1319 2534 T.1,
1339 2499 1374 2539 p.
1395 2498 1469 2539 500
1492 2485 1536 2526 B.
1556 2498 1625 2526 της
1648 2483 1698 2525 ‹P'e
