1981 3383
626 261 689 296 VI
872 241 982 289 DE
1027 240 1378 296 AETATE,
1435 240 1621 287 VITA

628 352 836 415 quodam
851 384 865 406 ,
891 349 996 394 artis
1019 348 1252 394 statuariae
1275 347 1480 392 desertor
1508 350 1701 395 efficitur
1717 384 1729 406 ,
1759 349 1800 395 86
1822 350 1882 395 ad

573 467 575 470 ¹
624 418 869 464 meliorem
895 413 1075 476 frugem
1105 414 1148 458 se
1167 412 1328 472 recipit
1345 445 1358 467 ‚
1383 424 1525 472 atque
1554 414 1703 458 statim
1723 426 1776 459 ut
1797 415 1882 460 fibi

622 481 850 538 reliquam
880 489 1078 523 aetatem
1112 494 1135 521 a
1174 477 1380 521 statuaria
1409 480 1575 536 procul
1612 479 1880 525 habendam

625 544 829 588 decrevit
843 579 853 587 .
875 544 1067 587 meliora
1089 542 1325 601 pollicitus
1339 575 1350 594 ‚
1373 542 1437 585 rei
1456 541 1683 587 familiaris
1696 544 1883 602 inopia,

624 604 780 653 relicta
805 607 1060 661 Samosata,
1085 606 1164 651 ubi
1185 605 1438 650 levioribus
1466 606 1620 651 studiis
1641 604 1885 653 instruetus

624 672 800 727 fuerat,
836 672 1134 716 Antiochiam
1169 670 1304 729 petiit
1325 703 1338 725 ‚
1372 682 1425 713 ut
1457 670 1596 714 causis
1629 671 1839 716 dicendis
1864 681 1881 704 ¹

624 753 816 796 operam
837 736 986 780 daret:
1019 736 1097 780 sed
1125 751 1233 780 cum
1262 750 1359 778 non
1387 734 1452 778 illi
1473 735 1532 778 ad
1551 747 1764 781 mentem
1781 737 1884 782 suc-

625 801 812 846 cederet
836 800 1136 845 caufidicinae
1165 799 1375 843 conditio
1393 834 1404 853 7
1435 799 1769 860 videreturque
1797 817 1885 846 no-

623 866 760 910 minis
786 865 996 909 illustrior
1015 864 1162 925 gloria
1179 863 1359 917 futura⁷
1389 863 1420 906 sl
1445 863 1741 910 Rhetoricam
1756 900 1768 921 ,
1789 881 1887 924 qua

623 930 881 990 plurimum
901 923 1138 989 pollebat,
1162 928 1484 987 profiteretur:
1514 940 1566 973 ut
1594 930 1668 974 illa
1686 930 1887 975 notesce—

623 1006 720 1048 ret,
738 994 876 1037 varias
891 995 1048 1038 animo
1067 992 1284 1052 concepit
1302 992 1715 1055 peregrinationes,
1734 992 1773 1038 86
1792 993 1887 1038 sus-

624 1058 772 1117 cepit:
809 1059 988 1102 iuvenis
1009 1059 1054 1102 in
1077 1057 1274 1102 Galliam
1291 1065 1307 1086 2
1331 1055 1586 1116 ΡιὉῖθᾶὶυε,
1617 1058 1887 1103 auditorum

624 1122 860 1181 frequenti
879 1138 1048 1167 corona
1062 1157 1074 1175 ‚
1095 1122 1338 1166 &laudem
1358 1122 1529 1165 meruit
1550 1120 1590 1165 86
1608 1122 1767 1166 retulit
1786 1141 1794 1166 :
1828 1138 1887 1168 ex

626 1186 776 1231 Gallia
798 1188 1124 1231 Macedoniam
1144 1196 1161 1227 3
1185 1186 1319 1245 petiit
1334 1220 1345 1239 ‚
1365 1187 1446 1230 ubi
1465 1187 1595 1230 variis
1614 1185 1889 1232 differtatio-

624 1251 764 1295 nibus
786 1248 1162 1311 perfectiffimum
1188 1249 1376 1295 dicendi
1405 1251 1550 1295 robur
1583 1252 1883 1310 exponebat:

625 1316 783 1373 quales
820 1317 947 1367 sunt,
987 1315 1285 1370 Herodotus,
1325 1314 1524 1375 Scytha,
1557 1315 1885 1360 Harmonides.

626 1378 719 1424 Sed
745 1397 854 1424 cum
874 1380 1081 1435 videret,
1110 1381 1334 1424 Rhetores
1354 1376 1711 1424 induelionibus
1735 1379 1775 1424 86
1804 1379 1888 1425 fal-

625 1444 749 1488 laciis
774 1444 954 1489 divitias
967 1479 979 1494 ,
1001 1443 1041 1489 86
1058 1457 1209 1489 cetera
1223 1483 1234 1498 7
1256 1460 1377 1504 quae
1398 1446 1546 1503 prima
1564 1446 1781 1489 mortales
1797 1461 1888 1505 pu-

625 1519 757 1561 tant,
791 1509 948 1568 potius
975 1509 1055 1553 fibi
1088 1525 1335 1567 quaerere,
1369 1524 1513 1566 quam
1547 1524 1683 1553 verae
1707 1509 1889 1553 virtutis

624 1573 921 1628 mercedem,
962 1590 1014 1617 ea
1047 1569 1200 1617 relidla
1236 1572 1580 1632 philosophiam
1609 1584 1630 1612 4
1665 1573 1889 1637 aggressus

625 1695 700 1744 tica
716 1694 912 1747 percussus
935 1694 982 1733 ab
1001 1695 1222 1742 avunculo,

625 1761 672 1787 ac
695 1749 808 1787 nimis
831 1748 975 1787 duriter
999 1748 1150 1788 habitus
1164 1748 1219 1788 fit.

686 1815 700 1839 1
730 1801 864 1841 Caufis
880 1802 1072 1855 dicendis)
1091 1804 1221 1842 Fabric.

626 1866 760 1894 monet
789 1856 940 1895 vidend.
961 1857 1079 1894 Reviv.
1106 1857 1122 1905 §
1148 1870 1222 1909 29,

628 1909 694 1948 ubi
711 1922 847 1962 propter
858 1909 1004 1961 fraudes
1014 1940 1028 1957 ,
1050 1912 1222 1949 mendacia

627 1978 669 2001 ac
691 1965 910 2012 temeritates,
938 1964 1059 2017 quibus
1079 1965 1223 2016 caufidi-

626 2018 676 2055 cis
700 2020 879 2066 utendum,
908 2016 944 2057 se
971 2017 1073 2056 illam
1101 2030 1222 2057 artem

627 2069 824 2111 deseruifl‘e
839 2072 879 2111 &
895 2072 940 2110 ad
958 2070 1090 2125 philos.
1107 2084 1226 2112 trans-

627 2123 706 2163 iiffe
733 2124 859 2164 refert.

683 2192 706 2217 2
731 2176 776 2216 In
796 2178 992 2227 Galliam)
1009 2179 1098 2218 Vid.
1117 2180 1224 2233 Apo-

629 2231 706 2284 log.
725 2247 788 2284 pro
804 2235 952 2272 Merced.
979 2234 1082 2273 cond.
1111 2234 1125 2283 §
1154 2248 1223 2287 15,

627 2286 695 2324 ubi
708 2285 889 2326 Sabinum
904 2288 1124 2340 alloquitur.
1141 2287 1225 2327 Ob-

627 2338 831 2393 servatque
841 2342 943 2380 Fabr.
954 2341 1222 2394 Eloquentiam

628 2393 670 2433 ὅ(
690 2394 859 2434 Atticam
884 2395 1031 2434 dicendi
1057 2394 1223 2435 suavita-

627 2457 703 2486 tem
748 2448 786 2486 in
823 2449 998 2488 Luciano
1035 2450 1223 2504 praedicat

627 2499 778 2540 photius
803 2502 901 2542 Cod.
939 2502 1022 2542 128.

683 2569 701 2609 3
743 2555 1041 2610 Macedoniam)
1079 2558 1219 2598 Luct'an.

1287 1697 1421 1735 Herod.
1436 1695 1534 1735 vers.
1557 1695 1624 1735 fin.
1645 1695 1706 1735 sed
1722 1695 1814 1735 &in
1831 1697 1890 1736 Io·

1287 1751 1345 1788 nia
1361 1750 1400 1788 &
1422 1751 1565 1788 Achaia
1586 1749 1724 1789 audlffe
1747 1749 1783 1789 se
1800 1750 1889 1789 scri-

1287 1814 1419 1856 ptores
1447 1803 1658 1843 Historiam
1685 1804 1772 1842 belli
1798 1803 1888 1842 Par-

1286 1856 1378 1895 thici
1405 1857 1483 1908 (A.
1511 1856 1556 1896 C.
1581 1859 1650 1911 165
1683 1856 1798 1910 gesti)
1819 1860 1888 1897 ‘re-

1288 1911 1446 1950 citantes
1461 1941 1471 1958 ‚
1499 1910 1657 1950 testatur
1678 1912 1740 1950 lib.
1762 1913 1889 1962 Quom.

1287 1964 1380 2017 Hifl.
1405 1964 1420 2013 §
1447 1979 1506 2013 14.
1545 1964 1692 2005 Confer
1717 1966 1800 2004 eius
1823 1965 1889 2003 Bis

1289 2019 1376 2057 Acc.
1404 2018 1419 2066 §
1442 2032 1504 2065 27.
1530 2019 1559 2058 I.
1580 2020 1631 2057 A.
1650 2020 1783 2058 Fabric.

1343 2088 1367 2120 4
1405 2071 1720 2126 Philosophiam)
1752 2073 1888 2112 Mora-

1289 2125 1363 2164 lem
1379 2125 1610 2179 potiffimum
1622 2157 1632 2173 ,
1647 2129 1760 2166 cuius
1774 2139 1888 2180 argu-

1290 2182 1408 2219 menti
1422 2179 1507 2219 sunt
1520 2181 1702 2234 pleraque
1712 2181 1794 2220 eius
1804 2180 1888 2219 scri-

1289 2244 1367 2286 pta.
1397 2234 1453 2273 Ita
1473 2247 1560 2274 cum
1581 2234 1739 2274 Socrate
1759 2234 1886 2272 existi-

1290 2288 1418 2327 mabat
1432 2317 1444 2336 ‚
1484 2289 1668 2341 reliquam
1714 2286 1887 2341 philoso-

1287 2342 1416 2393 phiam
1442 2341 1658 2381 universam
1683 2355 1816 2394 parum
1840 2342 1887 2380 ad

1288 2407 1360 2434 nos
1387 2397 1599 2449 pertinere,
1623 2407 1725 2435 certe
1749 2408 1885 2447 parum

1288 2448 1362 2489 effe
1380 2450 1510 2489 utilem
1527 2481 1538 2498 ,
1561 2448 1626 2488 nis1
1643 2449 1688 2488 ad
1704 2448 1811 2489 usum
1827 2450 1888 2488 vi-

1287 2514 1347 2542 tae
1357 2503 1553 2543 referatur.
1568 2503 1607 2542 In
1625 2504 1788 2542 Convivia
1800 2503 1882 2556 phi-

1286 2557 1433 2612 Iosoph.
1452 2558 1467 2608 §
1497 2573 1563 2610 34:
1582 2554 1628 2599 ὧς
1642 2555 1744 2598 οὗέὲν
1758 2556 1888 2605 ’ὄφελος
