1737 3378
369 213 461 257 1¹06
569 201 1434 249 ANNOTATIONES

369 294 469 332 euim
488 287 694 344 impressis,
712 288 753 328 &
770 287 858 341 ipsis
875 287 977 328 Coll.
994 284 1175 352 legitur
1156 287 1242 339 υμῖν
1259 284 1540 338 §menia-optat,
1555 286 1644 348 (nisi

368 344 476 397 'quod
496 343 537 383 P.
564 345 605 384 δι
620 344 662 382 L.
686 341 930 396 agnoscunt’
914 339 1186 403 αποστίισρμαιι
1188 343 1222 403 )
1243 342 1386 394 duplici
1400 342 1567 391 mendo,
1586 353 1644 382 un

369 410 484 437 acute
499 397 651 436 viderat
661 397 764 436 Tan
783 396 920 442 Faber,
942 396 1123 456 quamvis
1135 411 1220 446 υμιν
1238 396 1390 449 quidem
1408 394 1496 435 ferri
1511 395 1648 449 aliquo

372 451 493 492 modo
514 449 656 504 poffet:
676 450 931 491 Hellenismus
951 463 1054 489 enim
1073 449 1126 489 est
1147 449 1328 503 frequens
1348 450 1449 503 apud
1467 448 1648 490 Graecos

374 505 415 544 &
430 506 598 545 Latinos.
613 505 773 545 Terent.
788 504 943 544 Phorm.
960 504 1033 555 Qui
1047 505 1129 543 mihi
1149 504 1208 543 ubi
1230 507 1280 543 ad
1292 519 1415 543 uxores
1428 515 1563 543 ventum
1571 505 1646 565 est,

372 572 445 599 tum
451 560 550 611 fiunt
560 559 684 610 senes,·
700 559 806 612 quod
828 558 869 598 δι
884 568 1111 597 annotatum
1125 557 1256 598 est.1n
1274 558 1313 597 P.
1335 570 1434 597 vero
1448 557 1490 596 δι
1505 557 1547 597 L.
1564 553 1637 596 ὖ-

373 614 450 651 ἀ-
462 612 572 652 Ienfii
583 624 804 652 commenta
814 613 860 652 ad
870 611 972 652 hunc
984 612 1117 652 locum
1129 612 1278 660 adeant,
1298 612 1454 677 quibus
1448 610 1648 652 subtiliora

374 666 536 730 placent.
550 665 817 719 Chrysostom.
830 667 876 706 ad
889 665 984 719 Ρορ.
998 666 1093 705 Ant.
1111 666 1208 720 348,
1226 681 1272 712 2,
1287 665 1379 705 εἰδὲ
1392 663 1648 706 καιὸιιινεκῶς

375 721 673 771 ἀπολαύσωμεν,
695 721 805 758 alm&
823 720 877 769 τῷ
898 719 1057 765 ,θανάτῳ
1079 723 1236 759 πάντως
1254 719 1580 770 ἁποστησόμεθοι,
1601 729 1648 758 ut

376 775 478 814 reste
490 775 603 814 Eton.
616 776 674 814 ed.
689 787 923 827 quamquam
938 775 974 812 in
988 773 1066 813 aliis
1079 773 1304 825 quibusdam
1319 772 1498 813 mendose
1510 772 1651 813 1cr'1ba-

375 839 439 868 tur
451 825 570 868 ὖπ-.
580 825 672 868 De
658 844 756 877 ιιμιν,
768 841 889 867 unum
900 828 1004 867 hunc
1015 828 1111 866 Livii
1126 828 1255 868 locum
1269 829 1472 875 adducam,
1485 827 1508 867 1.
1520 826 1652 876 XXII,

378 895 411 921 c
430 884 503 928 60,
518 884 619 921 Haec
637 885 671 919 V
672 883 789 921 OBIS
802 883 947 934 ipfhrum
969 881 1090 920 militia
1102 881 1189 932 ficit.
1204 883 1256 920 V.
1275 887 1379 935 Nryp.
1393 895 1426 922 c.
1448 895 1482 934 5,
1496 881 1537 921 &
1554 887 1651 921 Θυσ.

379 949 412 975 c.
428 937 464 976 6.
491 913 650 976 ’SOLAixn
665 935 854 975 Omnium
875 936 957 975 edd.
976 947 1154 995 excepta
1163 935 1263 974 Iunt.
1285 936 1492 975 lechonem
1519 946 1652 974 tuetur

380 990 523 1030 Thom.
541 991 646 1042 Mag.
662 990 701 1028 in
713 990 755 1028 “1
760 991 970 1040 φίσταμοιι
991 989 1074 1028 ἀντὶ
1089 1003 1153 1028 του
1169 1003 1369 1041 ιντοχωρω.
1381 988 1398 1027 ὅ
1413 992 1529 1028 αυτος
1542 989 1579 1028 ἐν
1592 988 1653 1027 Τι’-

379 1059 501 1093 bam-n,
521 1044 597 1098 ἐγὼ
612 1040 691 1083 ἒὲ
673 1058 759 1093 υμιν
781 1042 1063 1092 veroa-‘tricenas
1079 1042 1142 1083 De
1165 1043 1275 1083 verbi
1288 1042 1475 1096 potestate
1489 1041 1653 1082 consen-

381 1099 480 1137 tiunt
503 1095 894 1146 Suidas,‘1rroc⁷›'m0
920 1097 1001 1136 ἀντὶ
1021 1094 1087 1135 τοῦ
1108 1092 1222 1149 §crox
1226 1097 1426 1163 capno-ivre»,
1446 1097 1511 1142 &,
1531 1097 1653 1150 paulo

383 1163 509 1191 tamen
524 1152 644 1200 aliter,
660 1151 900 1204 Hesychius,
921 1150 1083 1212 εὶξάτω,
1102 1166 1275 1204 παρκχ(
1277 1150 1443 1203 ρησέιτω.
1460 1149 1653 1213 Perquam

383 1219 469 1245 rara
480 1206 586 1252 sunt,
605 1219 705 1259 quae
720 1206 795 1246 huc
807 1207 1061 1250 conveniant,
1081 1206 1274 1259 exempla·
1300 1204 1430 1244 multo
1442 1204 1566 1244 tritius
1579 1201 1655 1244 ὑπ-

383 1258 629 1310 §mrsu-officu-
649 1273 690 1299 ιιι
708 1261 746 1299 in
762 1260 902 1299 Achill.
915 1260 1005 1300 Tat.
1018 1257 1100 1305 VI,
1119 1274 1155 1324 ρ.
1176 1273 1268 1321 375,
1287 1257 1358 1299 Νυν
1372 1257 1442 1309 μὲν
1456 1253 1576 1298 αὐτην
1589 1262 1656 1297 δε-

384 1331 480 1366 ροιίτέ
485 1328 578 1354 υσθν·
600 1328 681 1364 Θρᾷξ
698 1316 782 1366 ⁶21&?
805 1328 852 1354 Ως
870 1328 955 1367 ἔχει
972 1326 1106 1352 Auum·
1129 1327 1228 1352 ωσΤΕ
1248 1327 1568 1362 UW'EKO'TnO'OJl-dl,
1588 1312 1655 1352 καὶ

381 1367 468 1416 μά.)
472 1383 498 1406 ιι
510 1383 619 1415 ακων,
632 1365 740 1418 ebesan
755 1370 914 1421 ὄχλιιρσς
927 1383 1010 1407 sumt
1022 1368 1128 1420 quod
1143 1365 1264 1419 ipsum
1280 1366 1310 1405 sl
1323 1367 1513 1420 legeretur
1525 1366 1656 1406 hocin

384 1423 500 1468 loco,
521 1422 735 1475 (utriusque
747 1423 858 1462 vocis
873 1422 1074 1460 minimum
1091 1421 1147 1461 est
1160 1400 1384 1471 discrimen)
1390 1433 1508 1461 nemo
1527 1430 1659 1460 muta-

385 1485 468 1513 tum
485 1487 654 1536 cuperet.
667 1477 816 1515 Verum
833 1476 1019 1529 quoniam
1037 1474 1079 1514 δε
1103 1474 1227 1515 codd.
1249 1475 1404 1528 quidam
1428 1473 1657 1514 ἀποστησο-

387 1543 412 1563 ι
408 1545 458 1568 αι
473 1529 706 1581 praeferunt,
727 1529 767 1570 &
780 1544 868 1570 cum
883 1543 929 1569 ea
943 1530 1106 1568 lechone
1121 1528 1323 1569 acutiffimi
1338 1529 1452 1568 Fabri
1464 1528 1662 1569 coniectu-

386 1597 429 1621 ra
448 1584 660 1637 conspirat,
683 1585 774 1623 nihil
794 1585 894 1624 aliud
915 1584 1013 1624 ultra
1037 1583 1300 1636 quaerendum
1319 1582 1468 1623 censeo.
1488 1583 1656 1635 Euripid.

388 1637 485 1676 l'cc.
500 1652 539 1677 v.
561 1652 677 1691 1054,
692 1638 791 1677 Ἀλλ’
804 1638 968 1678 ἑκποὸὼε
983 1634 1451 1687 ἀπειμι,κάποστιἰσομάι
1466 1636 1613 1687 Θυμῶ’
1596 1637 1654 1688 ρέ-

389 1705 461 1730 orti
487 1692 595 1742 Θριικι
619 1693 942 1746 ὃνσμοιχῳτέιτῳ·
963 1691 1071 1745 quod
1093 1691 1204 1744 plane
1228 1692 1420 1754 congruit.
1441 1690 1552 1731 Plato
1575 1691 1658 1731 Eu-

389 1744 462 1796 thy
452 1745 498 1785 (1.
511 1746 744 1798 ἀφίσταμαι·
754 1748 913 1810 ιἐιμοὶχιε)
926 1762 977 1785 τω
989 1745 1112 1798 ἀνδρί.
1128 1743 1281 1798 Quod
1265 1761 1351 1795 υμιν
1367 1746 1573 1786 tentaverit
1585 1744 1658 1785 Fa-

388 1798 470 1847 ber,
485 1813 566 1840 non
581 1802 729 1854 probo·
748 1799 846 1863 hlaiv,
870 1802 938 1841 tibi
958 1801 1120 1841 Timoni
1143 1803 1183 1839 &
1198 1799 1424 1847 Thesauro,
1439 1800 1508 1853 qui
1523 1797 1657 1854 perso-

390 1866 481 1892 nam
499 1855 537 1893 in
551 1855 624 1895 hac
638 1855 745 1896 scena
769 1857 876 1909 gerit.
893 1855 1061 1908 Quodl,
1075 1853 1220 1894 Ienfius
1233 1854 1452 1902 arbitratur,
1468 1853 1520 1894 sic
1531 1866 1659 1907 expo·

390 1909 511 1947 nenda
526 1909 600 1949 effe
613 1910 707 1950 haec
721 1911 863 1957 verba,
882 1911 960 1962 Ego
974 1925 1052 1949 vero
1066 1909 1164 1948 vobis
1174 1908 1318 1962 ficppos
1316 1921 1371 1948 tus
1383 1924 1458 1955 ero,
1476 1919 1543 1948 aut
1554 1907 1660 1960 ,0fub

392 1964 423 2007 Γ
426 1963 500 2007 :,bo
520 1962 715 2014 ignostar,
729 1964 929 2012 fidixero,
951 1964 986 2002 id
1000 1963 1093 2003 mihl
1106 1963 1258 2016 quidem
1276 1963 1395 2002 videri
1411 1976 1546 2016 parurn
1563 1974 1660 2003 con-

390 2029 415 2050 ι
421 2017 573 2055 eniens:
599 2019 632 2058 is
648 2020 749 2058 enim
767 2017 847 2071 ipse
867 2019 1000 2066 locus,
1023 2017 1125 2056 unde
1145 2016 1214 2056 sibi
1237 2017 1459 2069 praesidium
1475 2017 1570 2071 petit
1594 2016 1661 2055 vir

390 2069 647 2113 ἁοξὶίίίῑιηυς
667 2073 776 2111 aliter
795 2072 848 2111 est
865 2071 1082 2124 capiendus
1095 2070 1154 2110 Ibi
1168 2071 1301 2110 Plutus
1320 2072 1426 2111 neuti
1457 2084 1547 2112 uam
1567 2083 1659 2111 cum

391 2124 428 2160 Ἰ
432 2123 591 2165 liesauro
612 2125 681 2166 suo
698 2126 962 2172 confunditur,
984 2135 1052 2165 aut
1072 2125 1154 2164 eius
1176 2124 1376 2178 personam
1400 2138 1421 2164 a
1454 2125 1573 2173 umit,
1595 2123 1659 2163 sed

393 2189 528 2216 contra
541 2191 561 2217 a
574 2181 773 2220 Mercurio
786 2181 1027 2226 admonetur,
1039 2191 1081 2218 ut
1093 2179 1137 2218 ad
1150 2179 1315 2231 ligonem
1328 2179 1504 2220 Timonis
1517 2178 1661 2218 fodien-

392 2232 500 2270 tr-jex
514 2233 652 2273 intimis
665 2245 786 2274 terrae
799 2234 1010 2274 visceribus
1021 2232 1237 2273 thesaurum
1252 2232 1487 2287 protra&um
1502 2231 1660 2272 submit-

390 2296 417 2322 a:
420 2296 447 2323 t
470 2284 510 2325 δι
534 2288 714 2333 adducat,
743 2290 886 2341 quippe
909 2288 1124 2328 inclamanti
1145 2287 1260 2327 Pluto
1283 2287 1659 2349 obtemperaturum.

391 2339 405 2378 ἶ
418 2340 522 2386 iaec,
545 2343 600 2381 uti
620 2340 800 2389 decebat,
820 2343 866 2382 ad
879 2342 1048 2381 amussim
1063 2342 1250 2394 quadrant
1268 2354 1355 2381 cum
1379 2342 1448 2387 iis,
1467 2353 1571 2394 quae
1583 2340 1662 2380 Lu·

392 2394 525 2433 cianus
538 2396 721 2449 explicuit
742 2397 758 2445 ξ
778 2411 845 2445 ις),
869 2410 928 2449 30.
945 2396 998 2435 ibi
1015 2395 1312 2438 sollicitudinem
1314 2395 1526 2442 Mercurii,
1547 2393 1660 2448 quod

392 2446 632 2489 Thesaurum
644 2450 711 2489 fibi
724 2451 905 2490 comitem
919 2463 996 2490 non
1008 2448 1260 2494 adscivissent,
1270 2449 1322 2488 ita
1335 2448 1438 2488 sedat
1451 2449 1595 2495 Plutus,
1614 2459 1660 2487 ut

389 2501 508 2541 nihil
499 2515 539 2542 in
556 2516 601 2544 ea
618 2517 658 2545 re
676 2504 836 2558 periculi
857 2503 930 2546 ess'e
947 2503 1172 2552 confirmet,
1195 2502 1378 2558 siquidem
1393 2502 1536 2558 ipsum
1528 2515 1568 2542 in
1581 2512 1660 2542 ter·
