1737 3378
322 208 422 254 IN
486 207 995 256 SOMNIUM.
1205 227 1293 275 177

37 291 123 333 Mss.
147 294 187 334 δι
209 294 322 349 Angl.
346 295 544 348 ἀνολύζωντ
566 297 611 337 de
633 310 711 350 qua
736 310 836 337 voce
861 299 948 338 dico
973 300 1018 338 ad
1038 299 1102 338 lib.
1136 313 1183 340 10
1210 302 1293 342 He-

36 346 127 386 liod.
150 349 322 390 BOURD.
344 351 388 390 In
408 350 447 389 P.
472 351 514 389 L.
539 350 581 389 δε
601 350 702 389 Coll.
733 351 783 390 G.
810 352 1009 402 ἀνοιλὺζων.
1034 353 1105 392 Sed
1126 356 1294 406 genuina

39 400 93 439 est
117 403 284 456 vulgata.
305 404 366 443 Sic
387 404 459 442 Ἑτ.
473 403 581 442 steen.
598 402 675 449 XI,
690 403 866 449 ὀλολὺζων
887 401 1012 456 ὥσπερ
1034 407 1166 457 βρέφος.
1189 408 1229 447 8(
1247 415 1293 450 Θ,

40 460 88 493 Δ.
102 455 186 494 XII.
204 457 254 496 V.
280 457 413 510 Eurip.
429 457 571 496 Troad.
601 469 709 495 1000.
725 457 860 495 Utitur
877 468 1004 497 tamen
1024 471 1073 497 eo
1087 459 1191 499 sensu
1206 475 1295 500 ver-

39 506 92 546 bo
111 508 267 562 simplici
287 511 395 560 λὺζω.
418 514 502 559 Περ.
530 522 614 562 cap.
634 510 670 548 6.
692 508 849 548 SOLAN.
874 510 970 549 Utra
992 511 1106 551 leciio
1126 514 1294 564 palmam

39 573 253 609 mereatur,
275 562 518 612 ἀνολολύζων,
541 575 588 601 an
616 562 829 613 ἀναλύζων,
855 562 956 615 (pro
978 577 1058 616 quo
1081 566 1295 607 Bourdelo-

36 615 134 652 tium
150 616 246 654 vitio
261 615 436 667 scripfiffe
451 615 646 666 ἀνολίιζων,
661 628 780 667 paene
791 616 926 669 credo)
944 617 1144 658 diiudicare
1158 632 1293 670 prom-

36 676 122 706 tum
142 681 222 712 non
239 669 301 708 est.
322 668 428 708 Olim
446 669 491 706 de
515 667 641 707 faustis
656 669 990 709 acclamationibus
1007 671 1047 710 ἃ
1063 671 1269 712 ululatibus
1283 704 1295 722 ,

38 733 139 772 quos
162 722 337 762 mulieres
365 723 410 761 ad
435 720 536 760 sacra
563 722 626 760 vel
647 720 778 761 furore
801 724 933 762 divino
953 726 1115 776 percitae
1132 726 1295 778 ingemi-

37 774 200 821 nabant,
226 775 429 826 ὀλολύζειν,
453 776 665 828 ὸλολυγμῂν
695 775 735 814 δι
758 777 939 829 ὀλολυγὴν
972 779 1127 830 proprie
1157 779 1296 831 posue-

34 838 146 868 runt:
162 828 255 867 Poll.
277 828 319 875 Ι,
341 828 403 868 28.
425 829 464 866 in
478 829 678 882 Euripidae
693 829 831 868 Medea
846 844 884 868 v.
906 845 1000 884 1173
1021 831 1154 871 ancilla
1176 846 1297 881 anus,

36 893 125 920 cum
150 881 337 922 Glaucam
360 882 540 923 Creontis
565 883 683 921 filiam
710 882 868 923 infelicis
899 884 991 923 doni
1018 898 1174 925 veneno
1197 899 1297 926 con-

37 933 178 973 tactam
202 936 240 973 in
263 935 401 975 solium
421 936 584 975 incidere
607 935 738 975 solutis
761 937 937 976 membris
959 937 1127 986 vidisset,
1157 940 1297 978 ἀνωλό-

35 986 146 1039 λυξεν
159 1019 170 1036 ,
191 989 334 1042 quippe
359 1012 404 1018 —
427 988 580 1040 «96ξάσά
601 1004 673 1028 που
688 990 734 1027 Ἤ
755 993 877 1029 Hwks·
895 992 1034 1044 ὀργὰς,
1053 991 1073 1031 ἶν’
1090 1007 1184 1032 τινος·
1202 993 1295 1033 ὲεῶν

36 1041 174 1091 μολεῖν·
198 1041 260 1082 sed
283 1042 544 1082 animadversa
565 1043 767 1082 saevientis
790 1044 1006 1099 maliwlabe‚
1029 1059 1130 1098 quae
1149 1060 1170 1085 a
1190 1046 1296 1087 furo-

37 1106 82 1134 re
99 1095 284 1135 divinitus
305 1095 474 1136 immisso
495 1097 657 1136 multum
676 1097 828 1145 aberat,
852 1098 926 1136 Εἶτ’
952 1100 1185 1148 ἀντίμολπον
1212 1097 1296 1141 ’ἧκεν

37 1149 225 1202 ὄλολυγιῖς
245 1151 376 1204 μέγαν
401 1151 596 1196 Κώκυτον,
619 1165 684 1203 pro
698 1150 800 1201 sacro
829 1152 965 1190 ululatu
982 1152 1017 1190 in
1032 1153 1161 1204 flebiles
1185 1155 1294 1193 eiula-

38 1213 97 1240 tus
113 1204 289 1257 prorupit:
305 1203 410 1256 quod
429 1204 516 1242 ideo
537 1216 694 1243 monere
720 1203 845 1243 visum
866 1204 936 1244 fuit
949 1235 960 1251 ,
980 1218 1028 1245 ne
1048 1207 1132 1258 quis
1153 1220 1220 1260 per
1234 1221 1296 1247 er—

35 1268 167 1295 rorem
192 1257 296 1296 hunc
319 1257 450 1297 locum
470 1258 509 1295 in
534 1258 766 1296 contrariam
786 1258 898 1311 plane
919 1258 1139 1299 sententiam
1153 1292 1164 1308 ‚
1189 1262 1295 1314 quod

35 1307 178 1349 factum
199 1311 376 1357 memini,
396 1311 620 1362 capiendum
639 1310 886 1350 existimaret:
907 1311 1074 1352 similiter
1092 1314 1173 1367 Iph.
1189 1315 1229 1353 in
1244 1316 1296 1356 T.

36 1375 79 1402 v.
106 1378 216 1417 1337·
236 1377 361 1412 certe,
383 1363 449 1403 nisi
471 1365 509 1403 in
537 1365 650 1404 rebus
668 1364 795 1411 laetis,
817 1364 997 1418 ὀλολύζειν
1022 1369 1120 1421 apud
1144 1380 1295 1410 veteres

36 1417 102 1456 vix
114 1418 280 1470 reperias
294 1417 531 1470 usurpatum:
546 1419 636 1458 vide
652 1418 816 1471 Euripid.
835 1419 888 1458 El.
904 1433 944 1458 v.
961 1422 1011 1471 69
1021 1435 1050 1460 1.
1065 1422 1178 1475 idque
1192 1436 1298 1475 prae-

37 1479 97 1509 ter
118 1470 333 1511 Casaubon.
359 1473 405 1511 ad
428 1473 625 1524 Theophr.
650 1473 767 1511 Char.
793 1485 825 1512 c.
845 1473 963 1520 XXI,
987 1473 1027 1512 δι
1052 1475 1178 1526 Equit.
1208 1477 1297 1515 Ari-

36 1523 163 1578 stoph.
185 1539 225 1565 v.
250 1527 349 1579 613,
370 1527 500 1566 docuit
518 1526 580 1565 ΕΖ.
605 1526 808 1579 Spanhem.
833 1526 879 1564 ad
901 1525 1048 1565 Callim.
1071 1530 1121 1568 H.
1144 1530 1184 1568 in
1201 1529 1290 1569 Del.

37 1589 78 1617 v.
105 1577 179 1630 258
195 1609 207 1627 ‚
226 1580 278 1618 H.
298 1580 339 1618 in
358 1579 447 1619 Pan.
470 1581 510 1618 L.
530 1593 569 1618 v.
596 1593 679 1632 139·
704 1592 870 1618 attamen
889 1580 937 1618 ad
958 1580 1069 1620 fletus
1094 1583 1135 1622 δι
1152 1583 1298 1623 lamen-

37 1631 228 1672 tationem
243 1632 518 1673 traducta-sunt
535 1646 557 1671 a
578 1633 851 1685 posterioribus
873 1633 966 1672 haec
987 1636 1205 1684 vocabula,
1228 1650 1296 1676 eo-

38 1698 203 1738 rumque
226 1687 391 1740 potestas
414 1697 491 1726 tam
522 1700 644 1739 prope
670 1687 716 1724 ad
741 1687 861 1737 λὺζειν
890 1687 1059 1734 acceffit‚
1076 1699 1127 1735 sut
1149 1689 1296 1743 saepius

38 1739 86 1778 ad
106 1740 141 1778 id
166 1741 330 1780 verbum
359 1741 625 1794 explicandum
653 1740 893 1779 adhibuerint
916 1740 1189 1782 Grammatici:
1217 1745 1294 1784 vid.

38 1791 210 1844 Hesych.
241 1795 282 1833 in
309 1797 489 1846 Λυγμῦς,
514 1795 615 1834 Suid.
640 1794 680 1831 in
704 1794 975 1841 Ἀναλίζουσ-α,
1001 1797 1298 1847 Λυγκειίνουσοι,

37 1847 205 1900 Λυγμός.
225 1847 351 1888 schol.
365 1847 557 1901 Aristoph.
585 1848 629 1885 ad
643 1846 811 1886 Acharn.
824 1861 864 1886 v.
881 1848 979 1897 690:
1003 1849 1129 1901 Λύζει)
1145 1851 1207 1889 ἑὲιν
1228 1851 1298 1890 διὰ

36 1899 134 1953 (vel
157 1904 289 1951 μετά,“
309 1913 352 1941 ut
379 1901 482 1940 Suid.
505 1901 644 1947 habet)
669 1899 735 1939 τοῦ
761 1903 781 1947 ζ
805 1900 981 1952 ὸλολὺζει·
1011 1902 1074 1941 ἐὰν
1104 1903 1150 1942 ss
1181 1905 1298 1957 χωρὶς

39 1952 106 1994 τοῦ
130 1956 149 2006 ζ
177 1954 305 2004 ἀλύει,
325 1956 519 1995 τουτέστιν
534 1985 543 2001 ,
570 1954 761 2003 ᾁέημονεῖ.
787 1954 911 2005 Λύζει,
931 1957 1043 1994 ’ποιὰν
1067 1956 1185 2007 φωνὴν
1209 1973 1300 2010 τροι-

39 2006 155 2062 χεῖοιν
180 2009 346 2058 ἀφίησιν,
371 2010 389 2049 ἰί
416 2009 558 2061 λυγμῷ
588 2008 805 2061 συνέχετάι.
836 2009 904 2047 ubi
925 2009 1048 2061 probe
1072 2010 1298 2064 separandae

35 2060 125 2101 sunt
147 2064 415 2102 annotationes
439 2063 575 2108 binae,
602 2064 722 2114 prima
747 2060 966 2101 vetustioris
987 2063 1214 2103 Scholiastae
1246 2066 1300 2105 di-

39 2115 190 2154 versam
203 2117 243 2154 in
257 2115 516 2169 Aristophane
528 2116 731 2155 lechonem
749 2115 1017 2167 consignantis,
1036 2114 1131 2156 Εἶτα
1144 2117 1243 2170 λύζει
1258 2121 1300 2160 δι
1340 2166 1348 2169 Α

42 2164 120 2208 Εἶτ’
139 2168 246 2209 ἀλύει
265 2201 276 2216 ,
290 2169 402 2223 (nam
420 2181 462 2208 ut
481 2169 558 2208 λύει
576 2170 661 2208 vice
677 2169 744 2208 τοῦ
760 2168 866 2207 ἀλύει
882 2183 1052 2222 unquam
1068 2169 1184 2210 fuerit
1200 2171 1301 2224 posi-

40 2231 124 2262 tum
137 2235 210 2276 pro
222 2223 421 2273 ἀὲημονεῑ,
436 2235 670 2276 quamquam
685 2223 722 2261 in
735 2221 934 2272 Hesychio
950 2223 999 2262 sic
1020 2237 1177 2277 quoque
1192 2225 1302 2277 lega-

41 2284 129 2322 tur,
146 2289 227 2316 non
246 2277 405 2317 inducor
417 2307 428 2325 ,
443 2288 487 2315 ut
504 2276 671 2329 credam)
691 2277 911 2315 recentioris
926 2277 1041 2316 altera
1052 2308 1064 2323 ‚
1083 2278 1276 2330 vulgatam
1289 2310 1302 2329 ‚

42 2329 111 2376 δε,
132 2343 223 2369 meo
240 2331 395 2383 quidem
417 2331 584 2377 iudicio,
613 2331 837 2369 deteriorem
858 2328 1084 2382 scripturam
1105 2345 1303 2384 exponen-

41 2383 111 2430 tis;
132 2384 237 2435 quod
258 2385 385 2424 minus
407 2385 638 2424 intellectum
659 2384 834 2423 tenebras
865 2383 1006 2422 obiecit
1030 2386 1081 2424 H.
1108 2385 1304 2438 Stephano

42 2435 124 2475 Ind.
141 2437 254 2476 Thes.
276 2439 315 2476 in
331 2439 451 2485 Λύζω,
467 2439 507 2477 δι
526 2437 664 2478 Foefio
679 2437 830 2476 Oecon.
850 2437 969 2489 Hipp.
987 2438 1027 2476 in
1047 2436 1187 2485 Λὺζειν.
1202 2440 1303 2480 Hinc

40 2499 146 2543 patet
158 2521 170 2537 ,
192 2504 307 2542 quam
330 2491 429 2531 facili
442 2505 574 2533 errore
593 2493 764 2545 potuerit
779 2490 898 2537 altera
918 2504 1001 2531 vox
1016 2505 1062 2585 311
1070 2492 1223 2533 alterius
1241 2493 1305 2536 lo-

120 2544 266 2585 Lucian.
299 2548 334 2585 V
332 2546 375 2586 ol.
406 2545 436 2585 I.
