1737 3378
264 208 355 256 'IN
407 203 1024 263 PRQMETHEUM.
1188 219 1277 271 225

12 307 59 339 'm
78 295 223 351 agitur,
246 296 350 338 hunc
376 296 536 336 Luciani
555 295 727 335 laudavit
752 294 882 334 locum
898 326 907 341 ‚
925 293 986 333 sed
1006 293 1174 335 laudavit
1195 305 1282 335 tan-

19 360 122 399 turn,
143 352 246 390 nulla
271 362 377 405 parte
398 351 467 389 alia
491 350 672 390 lectorem
693 350 889 386 adiuvans.
914 348 1006 387 Non
1031 360 1284 401 mepraeter-

15 404 387 457 eunt'Aristophanis
405 405 444 442 in
465 403 566 441 Ran.
587 415 625 442 v.
647 414 739 453 997,
760 407 1282 453 σαρκασμοπιτυοκάμπται,

19 459 66 498 de
89 459 229 511 quibus
244 459 298 497 ita
311 457 436 497 Schol.
453 453 498 494 ὦς
512 454 846 506 σαρκάζοντειςμὲν
864 454 925 490 καὶ
942 457 1281 505 προσ-ποιουμένους

19 514 75 550 ’τὰ
99 514 308 563 πολεμικὰ,
332 507 395 548 οὐκ
418 508 560 547 ἀληθῶς
579 508 623 546 s'e
644 506 841 545 τοιούτους·
864 505 1004 557 ἰσχύος
1017 507 1061 545 δὲ
1081 508 1280 558 ἐπιμελου-

17 565 163 615 μένους·
183 565 301 617 paulo
327 563 472 616 plenius
494 561 646 600 Suidas:
675 566 927 609 Σαρκασμοπ.
949 558 1030 598 ἀντὶ
1055 560 1124 598 τοῦ
1144 565 1282 615 μεγά-

19 629 78 657 λοι
94 648 105 665 ‚
123 614 169 657 ὣς
181 617 412 670 ἁρπάζοντες
423 615 489 666 μὲν
502 615 566 652 καὶ
578 627 715 665 προσπ.
729 615 802 651 ὄις.
817 612 881 651 ubi
902 612 1102 664 legendum
1116 627 1163 652 ex
1178 617 1282 667 prio.

19 672 128 710 ribus
140 681 317 723 apparet,
335 664 381 706 ὦς
395 666 656 720 σαρκάζοντες·
679 667 838 705 necdum
858 666 957 704 enim
972 665 1195 718 persuadere
1210 670 1281 707 mi-

19 723 62 763 hi
78 723 224 776 poffum
241 753 251 770 ‚
277 722 382 776 quod
396 733 524 760 tamen
540 722 575 759 in
592 731 756 758 mentem
773 718 916 759 veniffe
932 732 1008 758 non
1024 721 1208 769 diffiteor,
1227 723 1281 760 al-

0 787 139 826 ,teram
162 777 258 816 hanc
284 779 321 815 in
342 776 425 814 aliis
448 775 599 814 Comici
620 773 778 812 vetustis
800 772 922 812 Codd.
949 773 1123 813 exstitisse
1149 774 1283 815 leuio-

18 843 129 876 nem,
151 827 644 883 ἄρπασμοπιτυοκέιμεττιιι.
671 826 734 866 De
755 826 880 866 Sinide
909 839 1006 866 vero
1033 828 1126 880 quin
1149 828 1279 868 Schol.

21 885 274 937 cogitaverit,
295 896 385 923 cum
406 882 472 921 ista
493 892 845 926 commentaretur,
863 880 1036 920 dubitare
1062 894 1140 920 non
1168 882 1279 923 licet:

20 950 146 990 neque
163 937 363 976 absurdum
379 936 453 982 est,
471 945 514 975 ut
536 948 602 988 per
626 934 828 973 Comicam
851 933 1026 973 facetiam
1050 934 1228 976 homines
1242 938 1284 976 in

17 990 123 1031 hello
142 991 281 1036 timidi,
302 990 362 1030 sed
386 990 565 1029 inanibus
583 989 619 1027 in
643 988 779 1036 rebus,
799 1001 898 1041 quae
913 1000 1013 1027 vero
1027 989 1198 1041 periculo
1217 1004 1283 1030 ca·

18 1056 145 1084 rerent
159 1074 169 1092 ,
192 1045 311 1084 robur
324 1043 556 1083 ostentantes
570 1041 655 1081 dieti
669 1041 811 1081 fuerint
825 1041 1140 1093 πιτυοκάμπται·
1154 1057 1283 1097 eoque

17 1099 210 1152 pertinere
234 1111 316 1138 non
340 1096 585 1137 incommode
606 1096 781 1135 videatur
795 1094 980 1147 Hesychii
1004 1095 1146 1148 gloffa,
1169 1098 1282 1151 Ἀερο-

18 1151 204 1200 nimina,
231 1150 555 1201 πιτυοκάμπται,
590 1161 639 1188 ex
670 1150 793 1188 veteri
825 1150 994 1201 quodam
1024 1149 1192 1204 Comico
1217 1153 1284 1191 de-

21 1217 174 1259 promta
188 1235 200 1251 ,
221 1204 301 1245 five
321 1204 553 1244 vocabulum
573 1214 780 1255 utrumque
800 1202 925 1242 demta
945 1202 1183 1243 distinctione
1198 1206 1285 1245 iun·

19 1272 87 1312 gas
98 1289 112 1306 ‚
134 1258 213 1298 sive*
228 1257 497 1311 ἁεροκελάὸους
513 1270 578 1310 per
591 1257 627 1295 se
647 1256 747 1295 solos
761 1256 965 1308 intelligas,
986 1262 1092 1295 aie'rem
1108 1260 1284 1298 verberan-

19 1325 94 1359 tes,
117 1313 249 1352 iaHatis
265 1327 326 1366 per
345 1317 450 1350 aurem
473 1312 629 1350 manibus
650 1311 781 1349 inanem
793 1312 966 1364 strepitum
986 1312 1192 1358 excitantes,
1217 1314 1280 1353 vel

17 1367 153 1414 etiam,
173 1372 280 1405 aeirem
305 1367 474 1418 implentes
498 1365 720 1404 clamoribus:
747 1377 833 1403 nam
853 1366 891 1403 ‘m
909 1362 1108 1415 Hesychio
1135 1366 1283 1407 multae

18 1418 105 1460 sunt
129 1433 266 1467 voces,
288 1419 328 1458 &
353 1419 557 1458 sententiae
582 1431 887 1470 nonnunquam,
912 1430 1011 1470 quae
1037 1419 1201 1458 additam
1224 1422 1283 1460 in-

18 1475 331 1527 terpretationem
356 1473 497 1512 habent
521 1472 676 1511 nullam.
699 1471 817 1510 Aliud
839 1471 1027 1510 Palmerio
1053 1472 1194 1525 placuit
1218 1489 1284 1513 m·

19 1528 251 1578 τυοκόιμοται
273 1527 414 1579 legenti
427 1541 438 1574 ;
457 1526 562 1580 quod
586 1525 612 1564 si
637 1526 721 1578 quis
740 1525 982 1565 conieffiirae
1003 1525 1154 1565 nostrae
1179 1539 1283 1567 anre-

0 1579 217 1621 ›ferendum
241 1580 402 1627 statuat,
423 1581 523 1619 haud
549 1580 724 1632 equidem
751 1591 986 1632 magnopere
1009 1580 1187 1619 obnitar:
1217 1595 1285 1621 ve.

0 1632 106 1689 lrum
133 1636 229 1675 idem
249 1634 368 1688 ipsum
392 1635 432 1673 in
458 1633 712 1686 Aristophane
736 1632 964 1672 Frischlinus
990 1631 1172 1685 speciavit
1197 1648 1285 1674 ver-

17 1698 103 1728 tens
129 1690 445 1741 Erucosanniones,
469 1698 651 1740 tanquam
671 1686 698 1725 fi
725 1686 924 1739 legendum
952 1686 1168 1735 censuiffet‚
1191 1704 1284 1740 cap·-

19 1746 432 1794 κασμοπιτυοκέιμπαι,
445 1742 542 1781 Sunt
554 1741 641 1780 sane
655 1741 927 1791 πιτυοκάμποιι
943 1753 1063 1792 genus
1078 1753 1282 1781 erucarum

19 1809 69 1836 ex
89 1809 140 1836 eo
159 1797 402 1841 nominatae,
421 1796 526 1848 quod
555 1795 653 1848 pinis
674 1794 879 1834 arboribus
902 1795 1150 1842 aethaei-eamn
1184 1809 1283 1848 qua-

18 1863 106 1890 r-um
127 1851 298 1890 meminit
313 1850 405 1889 Plin.
423 1851 473 1888 H.
495 1850 544 1888 N.
568 1849 701 1897 XXII,
730 1863 750 1887 2
765 1879 775 1893 ‚
798 1864 842 1896 4,
863 1847 1081 1886 Dioscorid.
1103 1849 1285 1902 Alexiph.

18 1906 103 1957 eapL
120 1919 154 1942 2.
170 1903 230 1943 sed
244 1904 349 1951 illae,
373 1905 559 1956 quantum
580 1903 695 1941 video
708 1932 718 1949 ‚
741 1902 834 1941 nihil
853 1903 897 1940 acl
916 1901 1212 1955 Aristophanem
1228 1904 1284 1942 fa-

17 1957 150 2003 ciunt,
172 1958 374 2010 multoque
397 1958 545 2005 minus,
564 1957 743 2009 quamvis
761 1955 902 1995 crebris
920 1954 1130 1995 formarum
1157 1968 1283 1996 muta-

19 2010 191 2050 tionibus
205 2025 252 2050 ex
274 2012 357 2051 aliis
376 2012 416 2066 in
432 2011 522 2050 alias
545 2010 720 2049 bestiolas
739 2011 898 2054 abeant,
920 2011 965 2048 ad
986 2010 1221 2049 Lucianum:
1243 2011 1283 2050 in

19 2078 102 2119 quo
122 2066 259 2104 retinui
283 2065 372 2105 sane
387 2064 545 2118 priscam
570 2064 775 2104 lectionem
788 2094 802 2110 ,
824 2063 1107 2114 ἱπποκάμοτοις,
1128 2064 1216 2111 vel,
1238 2076 1286 2104 ut=

17 2118 128 2159 scribi
141 2116 315 2167 debebat,
333 2119 619 2168 ἱπποκάμττους,
633 2117 700 2157 ets1
717 2119 762 2157 ad
778 2117 923 2157 sensum
938 2118 1071 2157 melius
1084 2130 1284 2170 congrue-

19 2186 63 2213 re
87 2173 316 2219 videantur,
335 2185 415 2211 non
442 2172 556 2211 ausus
586 2173 806 2219 admittere,
835 2172 1050 2224 praeiertim
1064 2202 1074 2219 ,
1096 2173 1281 2223 quoniam

19 2225 147 2266 nullus
165 2225 316 2273 Codex,
328 2228 398 2279 qui
409 2226 562 2278 quidem
578 2226 710 2264 alienis
723 2225 844 2264 oculis
857 2238 937 2263 non
954 2224 997 2263 fit
1016 2224 1213 2277 inspeetis,
1230 2226 1283 2265 as-

18 2279 188 2320 sentitur.
208 2280 272 2320 De
292 2281 569 2333 Hippo-campis
586 2280 644 2318 adi
666 2292 848 2331 magnum
867 2278 974 2317 illum
998 2278 1026 2317 I.
1050 2278 1282 2331 Scaligerum

20 2333 62 2373 in
84 2333 257 2374 conieci.
279 2348 316 2387 ρ’.
344 2348 410 2388 35,
429 2347 450 2372 a
471 2347 551 2386 quo
572 2333 602 2372 si
624 2335 713 2386 quid
733 2335 770 2372 in
793 2345 834 2371 re
856 2331 979 2378 forte,
997 2333 1102 2385 quod
1121 2331 1282 2372 sollicite

19 2388 241 2440 perquirere
259 2400 340 2427 non
358 2398 493 2434 vacat,
514 2387 630 2427 fuerit
650 2385 885 2426 commissum
899 2417 910 2434 ‚
929 2387 1092 2438 egregiis
1106 2387 1282 2425 emenda-

20 2442 193 2480 tionibus
216 2452 319 2480 certe
343 2441 538 2494 pensatur,
561 2441 602 2480 δι
623 2441 725 2479 Rob.
751 2439 989 2480 Constantin.
1013 2441 1050 2477 in
1078 2440 1207 2492 Suppl.
1234 2440 1277 2478 L,

20 2493 63 2535 L.
83 2496 335 2587 Tioeyezraaecov
358 2496 502 2535 mentio
525 2496 562 2534 in
583 2494 778 2548 Aristoph.
801 2494 900 2534 Rem,
922 2508 962 2534 v.
988 2493 1066 2586 938
1080 2523 1092 2543 ‚
1113 2494 1179 2548 qui
1199 2494 1283 2537 iun«,

133 2548 244 2588 uct‘an.
279 2549 356 2588 Vol.
385 2548 416 2589 l.
703 2575 706 2579 -
