1737 3378
406 198 501 263 354
622 193 1493 244 ANNOTATJONES

457 289 531 326 ead.
554 287 579 326 l.
614 301 650 326 2.
677 287 1015 342 ’Avrovrvt'7565m)
1041 289 1280 340 Str-angulari:
1299 288 1392 328 illud
1412 289 1513 328 enim
1538 288 1686 341 optime

382 351 385 354 ·
403 340 530 394 potest
542 354 631 380 cum
645 341 723 382 hoc
738 342 864 382 verbo
879 342 1109 396 comparari,
1130 343 1244 383 cuius
1256 343 1357 396 apud
1372 343 1527 382 Latinos
1541 343 1686 395 elegan-

405 395 498 434 tiam
516 408 605 435 cum
626 396 850 449 explanaret
865 396 893 436 Ι.
916 395 945 436 F.
949 409 978 435 r.
1000 396 1185 437 Gronov.
1202 396 1328 436 Diatr.
1346 396 1438 436 Stat.
1457 409 1490 436 c.
1508 395 1685 442 XXVII,

405 449 548 488 mirum
568 449 642 498 est,
663 463 772 497 eum,
820 450 859 490 ui
879 450 1055 504 proxima
1068 450 1229 490 Luciani
1250 451 1336 490 loca
1349 451 1387 489 in
1405 449 1571 490 medium
1591 449 1686 489 affe-

403 503 537 552 rebat,
557 465 844 556 praetervidiiie
869 507 912 544 τὸ
934 503 1244 556 &ventri->semoth
1269 505 1465 552 Herodes,
1492 504 1615 543 homo
1639 503 1706 542 li·-

402 555 543 597 beralis
562 557 602 597 &
626 556 862 611 splendidus,
887 558 1016 597 ἐκάλει
1039 559 1124 598 τοὺς
1144 557 1365 610 &mee-§pouq
1387 558 1438 597 εἰς
1461 553 1524 597 οὓς
1545 556 1686 596 ἀποτί-

404 609 527 650 θενται
546 614 601 650 τὲ,
615 610 808 664 χρήματα
826 611 925 655 ἔνιοι,
948 612 1116 652 πλούτου
1132 610 1384 663 «Γεσμωτῆριοι,
1404 623 1584 652 narrante
1598 611 1686 650 Phi-

403 663 565 706 lostrato
583 666 621 705 in
642 666 723 706 eius
748 667 840 706 Vita
862 680 895 706 c.
916 666 944 706 1.
966 666 1078 706 Dion
1099 665 1299 718 Chrysost.
1317 665 1389 706 Or.
1403 667 1477 711 lv,
1503 679 1540 719 p.
1561 679 1610 719 75
1634 664 1685 705 C.

403 717 579 770 ἀνέξοὲον
595 720 662 759 καὶ
687 719 840 773 ἀχρεῖον
859 720 1111 771 φυλάττονται
1136 724 1198 761 τὶν
1224 719 1388 760 πλοῦτον
1413 720 1469 770 τῷ
1487 720 1567 760 ’όντι
1577 749 1590 766 ,
1609 734 1684 758 κοι-

403 772 633 814 τίικλειο-τον
643 773 678 814 ἕν
691 789 772 814 τισι
785 774 963 827 κρυπτοῖς
976 775 1038 813 καὶ
1052 774 1252 828 ἀφεγγέσι
1267 774 1470 826 βαράθροις.
1487 773 1560 813 Sed
1569 773 1685 812 omit-

402 836 448 865 to
471 828 599 880 plura,
627 841 800 880 quorum
824 841 873 868 ex
894 827 1092 881 utriusque
1116 828 1272 881 linguae
1299 827 1550 881 scriptoribus
1577 827 1684 879 larga

403 879 508 933 seges
521 881 575 921 est
587 883 634 921 ad
652 895 826 929 manum,
840 881 1068 935 constipare,
1087 882 1286 923 Lucianeis
1300 882 1400 924 hisce
1415 881 1523 922 sensu
1539 880 1685 921 verbis-

403 948 484 987 que
507 949 625 988 quam
648 935 846 976 fimillima.
870 937 1034 976 HEMST.

458 992 531 1028 ead.
553 990 577 1028 l.
593 1004 631 1037 4.
653 990 910 1030 Συνεσποικὼς
928 989 1014 1030 τοὺς
1035 988 1274 1037 soen-rumve)
1301 989 1471 1029 Primum
1492 988 1621 1043 probo
1647 988 1680 1028 I.

404 1040 466 1080 Fr.
494 1043 695 1084 Gronovii
725 1044 1004 1098 συλλογιστῶν·
1033 1057 1163 1097 neque
1194 1044 1428 1098 improbabit
1455 1041 1685 1096 quisquam,

403 1096 493 1148 qui,
513 1098 605 1150 quid
622 1098 809 1138 orationis
822 1099 1013 1151 legitimae
1026 1098 1140 1138 series
1153 1097 1339 1151 postulet,
1351 1098 1562 1138 attenderit.
1574 1096 1683 1137 Tum

403 1152 654 1191 συνεσπακὼς
673 1167 712 1191 τ.
739 1152 778 1192 ὃ.
803 1153 857 1191 ita
882 1153 1056 1206 plerique
1081 1153 1309 1206 interpretes
1335 1153 1549 1205 accipiunt,
1573 1151 1683 1204 quast

404 1204 525 1251 dicat,
547 1218 596 1245 ex
621 1206 897 1246 consuetudine
922 1205 992 1261 sup
1023 1207 1154 1247 utandi
1177 1208 1248 1247 vix
1274 1219 1448 1259 unquam
1477 1205 1684 1247 intermissa

403 1258 544 1311 digitos
567 1260 795 1313 obriguisse,
815 1221 1077 1314 curvatosgue
1103 1261 1240 1302 vitium
1261 1260 1493 1301 contraxisse
1508 1291 1520 1306 ‚
1542 1272 1683 1313 quem-

404 1313 614 1353 admodum
629 1314 708 1354 fere
731 1316 770 1354 in
791 1315 891 1356 Gall.
909 1315 924 1364 §
950 1329 1014 1369 31,
1030 1315 1114 1369 ὁρᾶς
1127 1312 1444 1368 ἐπαγρυπνοῦντα
1464 1314 1531 1353 καὶ
1551 1311 1685 1354 τοῦτον

405 1367 470 1406 ἐπὶ
491 1368 713 1419 φροντίέων,
733 1369 1046 1422 ἀναλογιζόμενον
1067 1368 1154 1408 τοὺς
1176 1370 1323 1417 τόκους,
1346 1369 1412 1408 καὶ
1437 1368 1521 1408 τοὺς
1534 1367 1683 1406 soem&-

406 1431 493 1460 λους
510 1422 828 1462 κατεσκληκότα·
844 1425 1066 1477 perperam,
1089 1436 1149 1463 me
1169 1424 1306 1463 iudice.
1325 1423 1444 1463 Paulo
1467 1421 1623 1470 reffius,
1637 1434 1682 1462 ut

405 1475 559 1528 quidem
581 1477 760 1523 videtur,
775 1477 1024 1517 Benedictus:
1048 1479 1226 1517 contratlis
1244 1476 1467 1530 contortifiyue
1483 1476 1620 1530 digitis,
1640 1489 1682 1515 ut

398 1530 481 1581 fieri
495 1529 587 1580 fhlet
607 1531 644 1570 in
670 1531 839 1571 rationum
862 1532 1129 1572 colleaionibus:
1154 1545 1242 1571 nam
1267 1530 1440 1571 solebant
1466 1531 1602 1570 mobili
1625 1530 1687 1574 (li-2

405 1583 576 1636 gitorum
598 1584 704 1635 gestu
724 1585 960 1639 flexibusque
975 1586 1094 1626 variis
1111 1598 1296 1626 numeros
1317 1586 1358 1625 &
1378 1586 1546 1625 rationes
1569 1585 1686 1624 duce·

405 1651 470 1678 re:
500 1638 572 1678 hae
593 1638 681 1678 sunt
701 1639 773 1679 τῶν
789 1640 998 1680 &amttam
1019 1639 1060 1680 oti
1075 1639 1248 1691 κάμψεις
1265 1639 1513 1693 Alciphronis
1536 1653 1572 1692 p.
1593 1637 1682 1680 108.

407 1692 477 1731 ubi
504 1693 594 1732 vide
615 1695 784 1748 Bergler.
813 1695 853 1734 δι
881 1695 1057 1749 inprimis
1082 1694 1167 1734 1011.
1190 1696 1397 1734 Wouwer.
1417 1694 1463 1733 de
1478 1693 1632 1746 Polym.
1647 1706 1683 1734 c.

406 1747 496 1786 VlI.
514 1747 664 1788 Firmic.
686 1748 845 1789 Astron.
863 1749 881 1788 I
891 1779 904 1796 ,
928 1762 964 1803 p.
980 1750 1004 1789 6
1020 1781 1032 1798 ‚
1056 1750 1158 1788 Vides
1170 1760 1210 1788 ut
1226 1749 1354 1802 primos
1366 1748 1524 1800 discentes
1543 1763 1684 1802 compu-
1718 1784 1723 1789 .

404 1813 461 1840 tos
484 1802 608 1853 digitos
631 1806 731 1842 tarda
749 1804 934 1855 agitatione
953 1805 1149 1855 deflectant:
1173 1804 1265 1843 dixit
1288 1803 1402 1842 etiam
1422 1803 1460 1841 in
1484 1803 1615 1842 eadem
1638 1815 1682 1843 re

406 1856 532 1909 digitos
544 1857 673 1908 agitare
695 1857 788 1896 Plin.
811 1873 855 1904 2,
881 1858 949 1911 Ep.
971 1872 1033 1897 20.
1051 1856 1114 1897 Est
1131 1860 1228 1911 ergo
1250 1856 1496 1897 συνεσπακὼς
1510 1856 1594 1896 τοὺς
1606 1856 1684 1896 ἓω-

407 1899 584 1959 κτὺλους,
603 1911 670 1963 qui
690 1912 814 1964 digitis
834 1911 935 1952 sedet
956 1910 1185 1958 constriffls,
1201 1922 1245 1952 ut
1264 1924 1516 1951 numerorum
1535 1909 1684 1951 formas

407 1965 628 2016 effingendo
648 1965 803 2018 colligat
819 1967 986 2005 rationes
1004 1966 1088 2005 suas
1101 1976 1216 2019 atque
1235 1966 1416 2017 explicet.
1437 1965 1611 2018 Apollin.
1624 1965 1684 2006 Si-

407 2019 500 2057 don.
526 2018 607 2066 IX,
631 2019 699 2072 Ep.
723 2034 766 2072 9,
791 2033 859 2072 per
883 2018 1083 2072 gymnasia
1108 2021 1212 2073 pingi
1235 2019 1353 2059 refert
1381 2021 1604 2074 Chryfippum
1625 2021 1681 2059 di-

407 2073 491 2126 gitis
505 2085 643 2125 propter
659 2088 867 2113 numerorum
889 2075 1017 2113 indicia
1037 2075 1215 2124 conmittis
1226 2104 1238 2119 ‚
1251 2075 1428 2114 Euclidem
1443 2087 1577 2127 propter
1593 2089 1683 2114 metz-

402 2127 688 2179 fitrarumspatt'a
701 2128 851 2166 laxatis:
870 2128 959 2167 vide
970 2124 1222 2168 Savarbnem.
1235 2128 1417 2168 Martian.
1429 2127 1574 2181 Capell.
1585 2128 1680 2178 VII,

409 2195 448 2233 p.
478 2180 575 2233 236:
604 2183 704 2232 Quae
729 2181 1036 2236 (Arithmetica)
1061 2198 1143 2223 mox
1165 2183 1309 2235 ingreffic
1320 2183 1550 2235 septingentos
1571 2185 1680 2222 decem

409 2236 446 2273 ὅ»
458 2235 586 2286 septem
605 2251 779 2281 numeros,
797 2237 1006 2290 complicatis
1025 2239 1061 2275 in
1084 2253 1141 2277 eos
1162 2237 1291 2288 digitis,
1311 2237 1424 2276 Iovem
1438 2236 1679 2289 salutabuncla

400 2289 579 2341 ficbrexit:
604 2289 721 2330 habes
740 2290 792 2329 ibi
810 2291 1144 2342 συνεσπασμένους
1160 2290 1387 2330 δακτύλους·
1411 2303 1538 2344 neque
1562 2291 1680 2330 omit-

407 2343 567 2383 tendum
587 2344 664 2392 est,
687 2345 793 2398 quod
817 2346 992 2400 proxime
1013 2345 1224 2399 praecedit:
1250 2345 1366 2397 Digiti
1384 2360 1462 2384 vero
1475 2345 1615 2398 virginis
1628 2357 1683 2383 re:-

408 2399 605 2450 curfizntes‚
632 2399 666 2437 δ’
687 2401 833 2450 quadam
854 2400 1142 2452 incomprehenfize
1163 2399 1358 2439 mobilitatis
1374 2400 1581 2451 scaturigine
1602 2415 1677 2438 ver-

408 2453 585 2492 micalati:
614 2453 650 2492 id
672 2452 750 2499 est,
775 2453 802 2492 si
831 2454 951 2493 modo
973 2454 1159 2493 tumidam
1181 2452 1268 2493 Afri
1292 2452 1482 2506 scriptoris
1505 2453 1678 2493 locutio-

408 2518 498 2549 nem
516 2505 619 2548 τεξὶε
641 2508 777 2562 capio,
790 2507 830 2548 in
845 2508 1006 2549 modum
1029 2508 1159 2562 operis
1172 2507 1416 2551 vermiculati
1428 2506 1679 2548 multifariam
