<?xml version="1.0" encoding="UTF-8"?>
<!DOCTYPE html PUBLIC "-//W3C//DTD XHTML 1.0 Transitional//EN"
    "http://www.w3.org/TR/xhtml1/DTD/xhtml1-transitional.dtd">
<html xmlns="http://www.w3.org/1999/xhtml" xml:lang="en" lang="en">
 <head>
  <title>
</title>
<meta http-equiv="Content-Type" content="text/html;charset=utf-8" />
  <meta name='ocr-system' content='tesseract 3.04.00' />
  <meta name='ocr-capabilities' content='ocr_page ocr_carea ocr_par ocr_line ocrx_word'/>
</head>
<body>
  <div class='ocr_page' id='page_1' title='image "./operagraeceetlat01luciuoft/operagraeceetlat01luciuoft_0548.png"; bbox 0 0 1737 3378; ppageno 0'>
   <div class='ocr_carea' id='block_1_1' title="bbox 377 209 1456 281">
    <p class='ocr_par' dir='ltr' id='par_1_1' title="bbox 377 209 1456 281">
     <span class='ocr_line' id='line_1_1' title="bbox 377 209 1456 281; baseline 0.001 -22"><span class='ocrx_word' id='word_1_1' title='bbox 377 234 473 281; x_wconf 81' lang='lat'>420</span> <span class='ocrx_word' id='word_1_2' title='bbox 585 209 1456 260; x_wconf 84' lang='lat' dir='ltr'><strong>ANNOTATIONES</strong></span> 
     </span>
    </p>
   </div>
   <div class='ocr_carea' id='block_1_2' title="bbox 378 298 1668 2563">
    <p class='ocr_par' dir='ltr' id='par_1_2' title="bbox 378 298 1658 1417">
     <span class='ocr_line' id='line_1_2' title="bbox 432 298 1649 355; baseline 0 -13"><span class='ocrx_word' id='word_1_3' title='bbox 432 304 505 342; x_wconf 79' lang='lat' dir='ltr'>ead.</span> <span class='ocrx_word' id='word_1_4' title='bbox 523 303 546 341; x_wconf 86' lang='lat' dir='ltr'>l.</span> <span class='ocrx_word' id='word_1_5' title='bbox 567 315 626 341; x_wconf 89' lang='lat'>12.</span> <span class='ocrx_word' id='word_1_6' title='bbox 649 300 801 342; x_wconf 57' lang='lat' dir='ltr'>’Eversio</span> <span class='ocrx_word' id='word_1_7' title='bbox 820 300 941 353; x_wconf 72' lang='grc' dir='ltr'>πρώην</span> <span class='ocrx_word' id='word_1_8' title='bbox 961 298 1088 353; x_wconf 70' lang='grc' dir='ltr'>ἔλαχε</span> <span class='ocrx_word' id='word_1_9' title='bbox 1101 299 1151 351; x_wconf 60' lang='grc' dir='ltr'>τῇ</span> <span class='ocrx_word' id='word_1_10' title='bbox 1168 300 1376 355; x_wconf 59' lang='grc' dir='ltr'>Ἐρεχθηῖἒι</span> <span class='ocrx_word' id='word_1_11' title='bbox 1397 299 1502 352; x_wconf 48' lang='lat' dir='ltr'>qauz?</span> <span class='ocrx_word' id='word_1_12' title='bbox 1520 299 1649 342; x_wconf 52' lang='lat' dir='ltr'>asari«</span> 
     </span>
     <span class='ocr_line' id='line_1_3' title="bbox 378 352 1645 408; baseline 0.002 -14"><span class='ocrx_word' id='word_1_13' title='bbox 378 355 461 408; x_wconf 76' lang='grc' dir='ltr'>μἐιν</span> <span class='ocrx_word' id='word_1_14' title='bbox 482 359 524 394; x_wconf 63' lang='grc' dir='ltr'>τὸ</span> <span class='ocrx_word' id='word_1_15' title='bbox 545 358 728 406; x_wconf 62' lang='grc' dir='ltr'>ὒεωρικὶν,</span> <span class='ocrx_word' id='word_1_16' title='bbox 750 354 862 408; x_wconf 51' lang='lat' dir='ltr'>aql-&gt;cb</span> <span class='ocrx_word' id='word_1_17' title='bbox 886 352 1084 407; x_wconf 65' lang='grc' dir='ltr'>προσῆλθον</span> <span class='ocrx_word' id='word_1_18' title='bbox 1104 353 1219 395; x_wconf 72' lang='grc' dir='ltr'>αἰτῶν</span> <span class='ocrx_word' id='word_1_19' title='bbox 1238 359 1283 394; x_wconf 70' lang='grc' dir='ltr'>τὶ)</span> <span class='ocrx_word' id='word_1_20' title='bbox 1305 354 1512 408; x_wconf 66' lang='grc' dir='ltr'>γινόμενον)</span> <span class='ocrx_word' id='word_1_21' title='bbox 1535 357 1645 397; x_wconf 83' lang='lat' dir='ltr'>Haec</span> 
     </span>
     <span class='ocr_line' id='line_1_4' title="bbox 378 406 1648 462; baseline -0.002 -12"><span class='ocrx_word' id='word_1_22' title='bbox 378 410 516 450; x_wconf 87' lang='lat' dir='ltr'>ultima</span> <span class='ocrx_word' id='word_1_23' title='bbox 528 409 651 449; x_wconf 85' lang='lat' dir='ltr'>verba</span> <span class='ocrx_word' id='word_1_24' title='bbox 670 410 708 447; x_wconf 89' lang='lat' dir='ltr'>in</span> <span class='ocrx_word' id='word_1_25' title='bbox 733 409 873 448; x_wconf 92' lang='lat' dir='ltr'>mendo</span> <span class='ocrx_word' id='word_1_26' title='bbox 892 406 1126 447; x_wconf 85' lang='lat' dir='ltr'>delitescunt.</span> <span class='ocrx_word' id='word_1_27' title='bbox 1142 409 1268 461; x_wconf 83' lang='lat' dir='ltr'>Lege,</span> <span class='ocrx_word' id='word_1_28' title='bbox 1287 408 1400 448; x_wconf 73' lang='grc' dir='ltr'>αἰτῶν</span> <span class='ocrx_word' id='word_1_29' title='bbox 1413 407 1456 448; x_wconf 78' lang='grc' dir='ltr'>τό</span> <span class='ocrx_word' id='word_1_30' title='bbox 1479 423 1529 462; x_wconf 60' lang='grc' dir='ltr'>γε</span> <span class='ocrx_word' id='word_1_31' title='bbox 1547 410 1648 458; x_wconf 80' lang='grc' dir='ltr'>νόμι-</span> 
     </span>
     <span class='ocr_line' id='line_1_5' title="bbox 379 461 1648 515; baseline 0 -14"><span class='ocrx_word' id='word_1_32' title='bbox 379 479 460 515; x_wconf 83' lang='grc' dir='ltr'>μον,</span> <span class='ocrx_word' id='word_1_33' title='bbox 482 463 521 501; x_wconf 75' lang='grc' dir='ltr'>δι</span> <span class='ocrx_word' id='word_1_34' title='bbox 537 463 692 502; x_wconf 89' lang='lat' dir='ltr'>videtur</span> <span class='ocrx_word' id='word_1_35' title='bbox 710 462 806 503; x_wconf 88' lang='lat' dir='ltr'>bene</span> <span class='ocrx_word' id='word_1_36' title='bbox 827 461 951 515; x_wconf 78' lang='lat' dir='ltr'>legiffe</span> <span class='ocrx_word' id='word_1_37' title='bbox 965 461 1166 510; x_wconf 86' lang='lat' dir='ltr'>Erasmus,</span> <span class='ocrx_word' id='word_1_38' title='bbox 1182 463 1249 514; x_wconf 87' lang='lat' dir='ltr'>qui</span> <span class='ocrx_word' id='word_1_39' title='bbox 1273 463 1411 507; x_wconf 87' lang='lat' dir='ltr'>vertit,</span> <span class='ocrx_word' id='word_1_40' title='bbox 1434 463 1472 500; x_wconf 82' lang='lat' dir='ltr'>id</span> <span class='ocrx_word' id='word_1_41' title='bbox 1489 465 1581 515; x_wconf 83' lang='lat' dir='ltr'>quod</span> <span class='ocrx_word' id='word_1_42' title='bbox 1599 465 1648 501; x_wconf 81' lang='lat' dir='ltr'>ad</span> 
     </span>
     <span class='ocr_line' id='line_1_6' title="bbox 383 514 1650 568; baseline 0 -12"><span class='ocrx_word' id='word_1_43' title='bbox 383 533 433 556; x_wconf 86' lang='lat' dir='ltr'>me</span> <span class='ocrx_word' id='word_1_44' title='bbox 457 518 593 556; x_wconf 78' lang='lat' dir='ltr'><em>redibat.</em></span> <span class='ocrx_word' id='word_1_45' title='bbox 615 515 687 555; x_wconf 87' lang='lat' dir='ltr'>Sed</span> <span class='ocrx_word' id='word_1_46' title='bbox 711 529 791 555; x_wconf 88' lang='lat' dir='ltr'>non</span> <span class='ocrx_word' id='word_1_47' title='bbox 817 528 893 554; x_wconf 83' lang='lat' dir='ltr'>tarn</span> <span class='ocrx_word' id='word_1_48' title='bbox 919 516 1015 554; x_wconf 86' lang='lat' dir='ltr'>bene</span> <span class='ocrx_word' id='word_1_49' title='bbox 1035 515 1069 554; x_wconf 89' lang='lat' dir='ltr'>ei</span> <span class='ocrx_word' id='word_1_50' title='bbox 1096 514 1285 563; x_wconf 73' lang='lat' dir='ltr'>successit,</span> <span class='ocrx_word' id='word_1_51' title='bbox 1305 515 1462 568; x_wconf 85' lang='lat' dir='ltr'>quando</span> <span class='ocrx_word' id='word_1_52' title='bbox 1478 518 1650 568; x_wconf 62' lang='grc' dir='ltr'>θεωρικὸν</span> 
     </span>
     <span class='ocr_line' id='line_1_7' title="bbox 381 568 1644 624; baseline -0.002 -14"><span class='ocrx_word' id='word_1_53' title='bbox 381 572 652 624; x_wconf 84' lang='lat' dir='ltr'>interpretatus</span> <span class='ocrx_word' id='word_1_54' title='bbox 667 568 719 608; x_wconf 90' lang='lat' dir='ltr'>est</span> <span class='ocrx_word' id='word_1_55' title='bbox 733 571 909 609; x_wconf 56' lang='lat' dir='ltr'>aerarium.</span> <span class='ocrx_word' id='word_1_56' title='bbox 928 568 1108 608; x_wconf 82' lang='lat' dir='ltr'>Debebat</span> <span class='ocrx_word' id='word_1_57' title='bbox 1125 570 1252 622; x_wconf 85' lang='lat' dir='ltr'>potius</span> <span class='ocrx_word' id='word_1_58' title='bbox 1275 570 1517 622; x_wconf 82' lang='lat' dir='ltr'>interpretari</span> <span class='ocrx_word' id='word_1_59' title='bbox 1534 571 1644 608; x_wconf 79' lang='lat' dir='ltr'>dona-</span> 
     </span>
     <span class='ocr_line' id='line_1_8' title="bbox 383 623 1648 676; baseline -0.002 -12"><span class='ocrx_word' id='word_1_60' title='bbox 383 627 502 664; x_wconf 82' lang='lat' dir='ltr'>tivum.</span> <span class='ocrx_word' id='word_1_61' title='bbox 526 624 616 663; x_wconf 83' lang='lat' dir='ltr'>Erat</span> <span class='ocrx_word' id='word_1_62' title='bbox 632 624 732 662; x_wconf 91' lang='lat' dir='ltr'>enim</span> <span class='ocrx_word' id='word_1_63' title='bbox 749 626 790 661; x_wconf 75' lang='grc' dir='ltr'>τὶ)</span> <span class='ocrx_word' id='word_1_64' title='bbox 814 624 984 673; x_wconf 55' lang='grc' dir='ltr'>θεωρικὸν</span> <span class='ocrx_word' id='word_1_65' title='bbox 1006 623 1189 675; x_wconf 82' lang='lat' dir='ltr'>pecunia,</span> <span class='ocrx_word' id='word_1_66' title='bbox 1212 635 1313 676; x_wconf 81' lang='lat' dir='ltr'>quae</span> <span class='ocrx_word' id='word_1_67' title='bbox 1332 635 1379 662; x_wconf 86' lang='lat' dir='ltr'>ex</span> <span class='ocrx_word' id='word_1_68' title='bbox 1401 623 1556 675; x_wconf 86' lang='lat' dir='ltr'>publico</span> <span class='ocrx_word' id='word_1_69' title='bbox 1577 635 1648 676; x_wconf 90' lang='lat' dir='ltr'>po-</span> 
     </span>
     <span class='ocr_line' id='line_1_9' title="bbox 383 675 1649 732; baseline -0.001 -15"><span class='ocrx_word' id='word_1_70' title='bbox 383 678 478 732; x_wconf 89' lang='lat' dir='ltr'>pulo</span> <span class='ocrx_word' id='word_1_71' title='bbox 498 677 736 717; x_wconf 80' lang='lat' dir='ltr'>tribuebatur</span> <span class='ocrx_word' id='word_1_72' title='bbox 754 677 799 716; x_wconf 86' lang='lat' dir='ltr'>ad</span> <span class='ocrx_word' id='word_1_73' title='bbox 815 675 1120 729; x_wconf 65' lang='lat' dir='ltr'>spectaculorum</span> <span class='ocrx_word' id='word_1_74' title='bbox 1140 676 1324 730; x_wconf 84' lang='lat' dir='ltr'>impensas</span> <span class='ocrx_word' id='word_1_75' title='bbox 1349 676 1649 716; x_wconf 82' lang='lat' dir='ltr'>Panathenaico-</span> 
     </span>
     <span class='ocr_line' id='line_1_10' title="bbox 384 729 1648 783; baseline 0 -12"><span class='ocrx_word' id='word_1_76' title='bbox 384 745 472 771; x_wconf 88' lang='lat' dir='ltr'>rum</span> <span class='ocrx_word' id='word_1_77' title='bbox 488 762 500 778; x_wconf 89' lang='lat'><em>‚</em></span> <span class='ocrx_word' id='word_1_78' title='bbox 522 731 752 783; x_wconf 87' lang='lat' dir='ltr'>Pythiorum</span> <span class='ocrx_word' id='word_1_79' title='bbox 780 730 821 770; x_wconf 65' lang='grc' dir='ltr'>ἃ</span> <span class='ocrx_word' id='word_1_80' title='bbox 844 729 1172 782; x_wconf 89' lang='lat' dir='ltr'>Olympiacorum</span> <span class='ocrx_word' id='word_1_81' title='bbox 1198 741 1385 783; x_wconf 88' lang='lat' dir='ltr'>tempore.</span> <span class='ocrx_word' id='word_1_82' title='bbox 1413 729 1484 769; x_wconf 88' lang='lat' dir='ltr'>Sed</span> <span class='ocrx_word' id='word_1_83' title='bbox 1503 743 1552 770; x_wconf 89' lang='lat' dir='ltr'>ex</span> <span class='ocrx_word' id='word_1_84' title='bbox 1571 731 1648 771; x_wconf 86' lang='lat' dir='ltr'>hoc</span> 
     </span>
     <span class='ocr_line' id='line_1_11' title="bbox 385 782 1649 837; baseline -0.002 -12"><span class='ocrx_word' id='word_1_85' title='bbox 385 786 478 825; x_wconf 93' lang='lat' dir='ltr'>loco</span> <span class='ocrx_word' id='word_1_86' title='bbox 492 786 653 837; x_wconf 81' lang='lat' dir='ltr'>emergit</span> <span class='ocrx_word' id='word_1_87' title='bbox 669 797 746 823; x_wconf 87' lang='lat' dir='ltr'>non</span> <span class='ocrx_word' id='word_1_88' title='bbox 762 784 963 822; x_wconf 87' lang='lat' dir='ltr'>mediocris</span> <span class='ocrx_word' id='word_1_89' title='bbox 983 783 1194 823; x_wconf 85' lang='lat' dir='ltr'>difficultas.</span> <span class='ocrx_word' id='word_1_90' title='bbox 1210 784 1356 824; x_wconf 85' lang='lat' dir='ltr'>Timon</span> <span class='ocrx_word' id='word_1_91' title='bbox 1370 782 1481 836; x_wconf 84' lang='lat' dir='ltr'>supra</span> <span class='ocrx_word' id='word_1_92' title='bbox 1495 796 1576 823; x_wconf 92' lang='lat' dir='ltr'>non</span> <span class='ocrx_word' id='word_1_93' title='bbox 1594 782 1649 823; x_wconf 86' lang='lat' dir='ltr'>se-</span> 
     </span>
     <span class='ocr_line' id='line_1_12' title="bbox 387 835 1654 890; baseline -0.002 -12"><span class='ocrx_word' id='word_1_94' title='bbox 387 840 463 878; x_wconf 84' lang='lat' dir='ltr'>mel</span> <span class='ocrx_word' id='word_1_95' title='bbox 484 837 691 877; x_wconf 68' lang='grc' dir='ltr'>Κολυττεὺς</span> <span class='ocrx_word' id='word_1_96' title='bbox 706 837 829 876; x_wconf 65' lang='lat' dir='ltr'>dietus</span> <span class='ocrx_word' id='word_1_97' title='bbox 851 835 914 876; x_wconf 86' lang='lat' dir='ltr'>est.</span> <span class='ocrx_word' id='word_1_98' title='bbox 935 836 988 875; x_wconf 91' lang='lat' dir='ltr'>At</span> <span class='ocrx_word' id='word_1_99' title='bbox 1008 836 1193 877; x_wconf 70' lang='grc' dir='ltr'>Κόλυττος</span> <span class='ocrx_word' id='word_1_100' title='bbox 1209 838 1341 877; x_wconf 88' lang='lat' dir='ltr'>demus</span> <span class='ocrx_word' id='word_1_101' title='bbox 1362 837 1424 877; x_wconf 89' lang='lat' dir='ltr'>seu</span> <span class='ocrx_word' id='word_1_102' title='bbox 1443 849 1565 890; x_wconf 86' lang='lat' dir='ltr'>pagus</span> <span class='ocrx_word' id='word_1_103' title='bbox 1580 837 1654 877; x_wconf 87' lang='lat' dir='ltr'>At-</span> 
     </span>
     <span class='ocr_line' id='line_1_13' title="bbox 386 890 1652 944; baseline 0 -13"><span class='ocrx_word' id='word_1_104' title='bbox 386 895 508 940; x_wconf 79' lang='lat' dir='ltr'>ticae,</span> <span class='ocrx_word' id='word_1_105' title='bbox 536 892 599 931; x_wconf 71' lang='lat' dir='ltr'>vel</span> <span class='ocrx_word' id='word_1_106' title='bbox 618 892 746 943; x_wconf 86' lang='lat' dir='ltr'>potius</span> <span class='ocrx_word' id='word_1_107' title='bbox 769 903 854 943; x_wconf 83' lang='lat' dir='ltr'>pars</span> <span class='ocrx_word' id='word_1_108' title='bbox 869 890 1108 929; x_wconf 85' lang='lat' dir='ltr'><strong>Athenarum</strong></span> <span class='ocrx_word' id='word_1_109' title='bbox 1131 891 1431 944; x_wconf 84' lang='lat' dir='ltr'>Harpocrationi</span> <span class='ocrx_word' id='word_1_110' title='bbox 1450 892 1491 931; x_wconf 70' lang='grc' dir='ltr'>δι</span> <span class='ocrx_word' id='word_1_111' title='bbox 1512 891 1652 931; x_wconf 84' lang='lat' dir='ltr'>Suidae</span> 
     </span>
     <span class='ocr_line' id='line_1_14' title="bbox 389 944 1651 999; baseline -0.001 -13"><span class='ocrx_word' id='word_1_112' title='bbox 389 947 546 999; x_wconf 76' lang='lat' dir='ltr'>Aegeidi</span> <span class='ocrx_word' id='word_1_113' title='bbox 566 946 685 997; x_wconf 17' lang='lat' dir='ltr'>*tribui</span> <span class='ocrx_word' id='word_1_114' title='bbox 703 945 902 983; x_wconf 80' lang='lat' dir='ltr'>tribuitur:</span> <span class='ocrx_word' id='word_1_115' title='bbox 924 945 1258 996; x_wconf 81' lang='lat' dir='ltr'>quomodoigitur</span> <span class='ocrx_word' id='word_1_116' title='bbox 1270 945 1330 984; x_wconf 88' lang='lat' dir='ltr'>hic</span> <span class='ocrx_word' id='word_1_117' title='bbox 1350 945 1495 984; x_wconf 86' lang='lat' dir='ltr'>Timon</span> <span class='ocrx_word' id='word_1_118' title='bbox 1512 945 1600 983; x_wconf 89' lang='lat' dir='ltr'>dicit</span> <span class='ocrx_word' id='word_1_119' title='bbox 1613 944 1651 985; x_wconf 84' lang='lat' dir='ltr'>se</span> 
     </span>
     <span class='ocr_line' id='line_1_15' title="bbox 388 997 1658 1051; baseline -0.002 -11"><span class='ocrx_word' id='word_1_120' title='bbox 388 999 574 1040; x_wconf 63' lang='lat' dir='ltr'>actessiss&#39;e</span> <span class='ocrx_word' id='word_1_121' title='bbox 589 1000 634 1038; x_wconf 85' lang='lat' dir='ltr'>ad</span> <span class='ocrx_word' id='word_1_122' title='bbox 654 999 761 1037; x_wconf 88' lang='lat' dir='ltr'>illum</span> <span class='ocrx_word' id='word_1_123' title='bbox 775 1029 786 1046; x_wconf 87' lang='lat'>,</span> <span class='ocrx_word' id='word_1_124' title='bbox 805 998 873 1051; x_wconf 88' lang='lat' dir='ltr'>qui</span> <span class='ocrx_word' id='word_1_125' title='bbox 889 997 1126 1037; x_wconf 86' lang='lat' dir='ltr'>Erechtheidi</span> <span class='ocrx_word' id='word_1_126' title='bbox 1147 998 1266 1037; x_wconf 90' lang='lat' dir='ltr'>tribui</span> <span class='ocrx_word' id='word_1_127' title='bbox 1286 999 1514 1038; x_wconf 88' lang='lat' dir='ltr'>donativum</span> <span class='ocrx_word' id='word_1_128' title='bbox 1535 998 1658 1038; x_wconf 86' lang='lat' dir='ltr'>theo·</span> 
     </span>
     <span class='ocr_line' id='line_1_16' title="bbox 388 1051 1654 1105; baseline -0.002 -11"><span class='ocrx_word' id='word_1_129' title='bbox 388 1056 510 1094; x_wconf 88' lang='lat' dir='ltr'>ricum</span> <span class='ocrx_word' id='word_1_130' title='bbox 526 1051 784 1098; x_wconf 82' lang='lat' dir='ltr'>distribuebat,</span> <span class='ocrx_word' id='word_1_131' title='bbox 802 1063 844 1090; x_wconf 89' lang='lat' dir='ltr'>ut</span> <span class='ocrx_word' id='word_1_132' title='bbox 860 1052 963 1090; x_wconf 83' lang='lat' dir='ltr'>suam</span> <span class='ocrx_word' id='word_1_133' title='bbox 979 1051 1187 1104; x_wconf 82' lang='lat' dir='ltr'>legitimam</span> <span class='ocrx_word' id='word_1_134' title='bbox 1207 1063 1353 1105; x_wconf 87' lang='lat' dir='ltr'>partem</span> <span class='ocrx_word' id='word_1_135' title='bbox 1367 1052 1569 1104; x_wconf 87' lang='lat' dir='ltr'>acciperet,</span> <span class='ocrx_word' id='word_1_136' title='bbox 1582 1051 1654 1103; x_wconf 82' lang='lat' dir='ltr'>qui</span> 
     </span>
     <span class='ocr_line' id='line_1_17' title="bbox 389 1105 1656 1157; baseline 0 -10"><span class='ocrx_word' id='word_1_137' title='bbox 389 1122 478 1148; x_wconf 90' lang='lat' dir='ltr'>cum</span> <span class='ocrx_word' id='word_1_138' title='bbox 502 1106 591 1147; x_wconf 80' lang='lat' dir='ltr'>effet</span> <span class='ocrx_word' id='word_1_139' title='bbox 604 1105 844 1157; x_wconf 79' lang='lat' dir='ltr'>Colyttensis</span> <span class='ocrx_word' id='word_1_140' title='bbox 855 1105 998 1153; x_wconf 84' lang='lat' dir='ltr'>domo,</span> <span class='ocrx_word' id='word_1_141' title='bbox 1020 1118 1099 1144; x_wconf 88' lang='lat' dir='ltr'>non</span> <span class='ocrx_word' id='word_1_142' title='bbox 1122 1116 1202 1145; x_wconf 85' lang='lat' dir='ltr'>erat</span> <span class='ocrx_word' id='word_1_143' title='bbox 1219 1105 1478 1146; x_wconf 86' lang='lat' dir='ltr'>Erechtheidis</span> <span class='ocrx_word' id='word_1_144' title='bbox 1491 1106 1656 1147; x_wconf 85' lang='lat' dir='ltr'>tribulis.</span> 
     </span>
     <span class='ocr_line' id='line_1_18' title="bbox 391 1158 1657 1213; baseline -0.002 -11"><span class='ocrx_word' id='word_1_145' title='bbox 391 1163 507 1202; x_wconf 82' lang='lat' dir='ltr'>Certe</span> <span class='ocrx_word' id='word_1_146' title='bbox 525 1162 599 1200; x_wconf 85' lang='lat' dir='ltr'>hoc</span> <span class='ocrx_word' id='word_1_147' title='bbox 620 1161 772 1198; x_wconf 88' lang='lat' dir='ltr'>videtur</span> <span class='ocrx_word' id='word_1_148' title='bbox 787 1159 1016 1198; x_wconf 70' lang='grc' dir='ltr'>ἀσύστατον.</span> <span class='ocrx_word' id='word_1_149' title='bbox 1039 1159 1142 1212; x_wconf 82' lang='lat' dir='ltr'>Ergo</span> <span class='ocrx_word' id='word_1_150' title='bbox 1158 1159 1222 1198; x_wconf 90' lang='lat' dir='ltr'>vel</span> <span class='ocrx_word' id='word_1_151' title='bbox 1240 1158 1352 1199; x_wconf 85' lang='lat' dir='ltr'>falsus</span> <span class='ocrx_word' id='word_1_152' title='bbox 1366 1159 1419 1199; x_wconf 90' lang='lat' dir='ltr'>est</span> <span class='ocrx_word' id='word_1_153' title='bbox 1433 1160 1657 1213; x_wconf 82' lang='lat' dir='ltr'>Harpocra-</span> 
     </span>
     <span class='ocr_line' id='line_1_19' title="bbox 391 1212 1653 1267; baseline -0.002 -12"><span class='ocrx_word' id='word_1_154' title='bbox 391 1217 473 1255; x_wconf 85' lang='lat' dir='ltr'>tion</span> <span class='ocrx_word' id='word_1_155' title='bbox 485 1246 497 1263; x_wconf 86' lang='lat'>‚</span> <span class='ocrx_word' id='word_1_156' title='bbox 521 1216 560 1255; x_wconf 84' lang='lat'>&amp;</span> <span class='ocrx_word' id='word_1_157' title='bbox 578 1215 644 1267; x_wconf 86' lang='lat' dir='ltr'>qui</span> <span class='ocrx_word' id='word_1_158' title='bbox 665 1227 755 1253; x_wconf 88' lang='lat' dir='ltr'>eum</span> <span class='ocrx_word' id='word_1_159' title='bbox 779 1213 948 1265; x_wconf 85' lang='lat' dir='ltr'>sequitur</span> <span class='ocrx_word' id='word_1_160' title='bbox 961 1212 1108 1262; x_wconf 69' lang='lat' dir='ltr'>Surdas,</span> <span class='ocrx_word' id='word_1_161' title='bbox 1122 1213 1162 1252; x_wconf 89' lang='lat'>&amp;</span> <span class='ocrx_word' id='word_1_162' title='bbox 1181 1213 1278 1253; x_wconf 87' lang='lat' dir='ltr'>male</span> <span class='ocrx_word' id='word_1_163' title='bbox 1290 1213 1498 1265; x_wconf 88' lang='lat' dir='ltr'>Colyttum</span> <span class='ocrx_word' id='word_1_164' title='bbox 1513 1226 1653 1266; x_wconf 76' lang='lat' dir='ltr'>pagum</span> 
     </span>
     <span class='ocr_line' id='line_1_20' title="bbox 392 1265 1656 1320; baseline -0.002 -11"><span class='ocrx_word' id='word_1_165' title='bbox 392 1268 665 1309; x_wconf 86' lang='lat' dir='ltr'>accensuerunt</span> <span class='ocrx_word' id='word_1_166' title='bbox 685 1267 866 1320; x_wconf 71' lang='lat' dir='ltr'>Aegeiffl,</span> <span class='ocrx_word' id='word_1_167' title='bbox 889 1265 1011 1320; x_wconf 91' lang='lat' dir='ltr'>(quod</span> <span class='ocrx_word' id='word_1_168' title='bbox 1036 1268 1155 1319; x_wconf 74' lang='lat' dir='ltr'>magis</span> <span class='ocrx_word' id='word_1_169' title='bbox 1177 1267 1290 1320; x_wconf 90' lang='lat' dir='ltr'>puto)</span> <span class='ocrx_word' id='word_1_170' title='bbox 1314 1269 1377 1306; x_wconf 88' lang='lat' dir='ltr'>vel</span> <span class='ocrx_word' id='word_1_171' title='bbox 1401 1267 1500 1306; x_wconf 86' lang='lat' dir='ltr'>male</span> <span class='ocrx_word' id='word_1_172' title='bbox 1518 1267 1656 1306; x_wconf 87' lang='lat' dir='ltr'>Lucia·</span> 
     </span>
     <span class='ocr_line' id='line_1_21' title="bbox 392 1320 1657 1374; baseline -0.003 -11"><span class='ocrx_word' id='word_1_173' title='bbox 392 1337 466 1363; x_wconf 83' lang='lat' dir='ltr'>nus</span> <span class='ocrx_word' id='word_1_174' title='bbox 478 1324 684 1367; x_wconf 87' lang='lat' dir='ltr'>Timonem</span> <span class='ocrx_word' id='word_1_175' title='bbox 698 1320 965 1372; x_wconf 81' lang='lat' dir='ltr'>Colyttensem</span> <span class='ocrx_word' id='word_1_176' title='bbox 990 1320 1099 1368; x_wconf 77' lang='lat' dir='ltr'>facit3</span> <span class='ocrx_word' id='word_1_177' title='bbox 1122 1321 1227 1374; x_wconf 92' lang='lat' dir='ltr'>quod</span> <span class='ocrx_word' id='word_1_178' title='bbox 1252 1333 1333 1360; x_wconf 89' lang='lat' dir='ltr'>non</span> <span class='ocrx_word' id='word_1_179' title='bbox 1353 1321 1406 1360; x_wconf 86' lang='lat' dir='ltr'>est</span> <span class='ocrx_word' id='word_1_180' title='bbox 1431 1320 1657 1371; x_wconf 78' lang='lat' dir='ltr'>verisimile,</span> 
     </span>
     <span class='ocr_line' id='line_1_22' title="bbox 394 1374 1109 1417; baseline -0.006 0"><span class='ocrx_word' id='word_1_181' title='bbox 394 1391 485 1417; x_wconf 87' lang='lat' dir='ltr'>cum</span> <span class='ocrx_word' id='word_1_182' title='bbox 506 1378 543 1415; x_wconf 86' lang='lat' dir='ltr'>id</span> <span class='ocrx_word' id='word_1_183' title='bbox 567 1388 647 1414; x_wconf 89' lang='lat' dir='ltr'>non</span> <span class='ocrx_word' id='word_1_184' title='bbox 672 1375 784 1414; x_wconf 88' lang='lat' dir='ltr'>semel</span> <span class='ocrx_word' id='word_1_185' title='bbox 807 1375 954 1414; x_wconf 81' lang='lat' dir='ltr'>dixerit.</span> <span class='ocrx_word' id='word_1_186' title='bbox 974 1374 1109 1413; x_wconf 76' lang='lat' dir='ltr'>PALM.</span> 
     </span>
    </p>

    <p class='ocr_par' dir='ltr' id='par_1_3' title="bbox 392 1426 1663 1578">
     <span class='ocr_line' id='line_1_23' title="bbox 448 1426 1659 1481; baseline -0.002 -13"><span class='ocrx_word' id='word_1_187' title='bbox 448 1430 690 1480; x_wconf 60' lang='grc' dir='ltr'>ι’[νὶάῖἚᾹιιχε</span> <span class='ocrx_word' id='word_1_188' title='bbox 704 1451 748 1457; x_wconf 92' lang='lat'>—-</span> <span class='ocrx_word' id='word_1_189' title='bbox 766 1428 971 1480; x_wconf 56' lang='grc' dir='ltr'>ἒιανέμειν)</span> <span class='ocrx_word' id='word_1_190' title='bbox 992 1430 1043 1467; x_wconf 89' lang='lat' dir='ltr'>V.</span> <span class='ocrx_word' id='word_1_191' title='bbox 1055 1426 1347 1475; x_wconf 75' lang='lat' dir='ltr'>Plaut.As1n.I,</span> <span class='ocrx_word' id='word_1_192' title='bbox 1369 1442 1389 1466; x_wconf 91' lang='lat'><em>2</em></span> <span class='ocrx_word' id='word_1_193' title='bbox 1403 1458 1414 1476; x_wconf 93' lang='lat'>,</span> <span class='ocrx_word' id='word_1_194' title='bbox 1428 1442 1468 1467; x_wconf 90' lang='lat' dir='ltr'>v.</span> <span class='ocrx_word' id='word_1_195' title='bbox 1485 1441 1544 1481; x_wconf 91' lang='lat'>29.</span> <span class='ocrx_word' id='word_1_196' title='bbox 1555 1428 1659 1468; x_wconf 82' lang='lat' dir='ltr'>Tur.</span> 
     </span>
     <span class='ocr_line' id='line_1_24' title="bbox 393 1481 1663 1537; baseline 0 -14"><span class='ocrx_word' id='word_1_197' title='bbox 393 1485 516 1523; x_wconf 88' lang='lat' dir='ltr'>nebus</span> <span class='ocrx_word' id='word_1_198' title='bbox 529 1484 786 1537; x_wconf 75' lang='grc' dir='ltr'>τριττυέιρχην</span> <span class='ocrx_word' id='word_1_199' title='bbox 801 1482 944 1522; x_wconf 63' lang='lat' dir='ltr'>dietum</span> <span class='ocrx_word' id='word_1_200' title='bbox 964 1483 1035 1528; x_wconf 88' lang='lat' dir='ltr'>ait,</span> <span class='ocrx_word' id='word_1_201' title='bbox 1061 1483 1129 1536; x_wconf 88' lang='lat' dir='ltr'>qui</span> <span class='ocrx_word' id='word_1_202' title='bbox 1141 1482 1216 1522; x_wconf 89' lang='lat' dir='ltr'>hoc</span> <span class='ocrx_word' id='word_1_203' title='bbox 1230 1494 1392 1521; x_wconf 85' lang='lat' dir='ltr'>munere</span> <span class='ocrx_word' id='word_1_204' title='bbox 1413 1481 1663 1535; x_wconf 83' lang='lat' dir='ltr'>fungebatur.</span> 
     </span>
     <span class='ocr_line' id='line_1_25' title="bbox 392 1539 550 1578; baseline -0.013 0"><span class='ocrx_word' id='word_1_205' title='bbox 392 1539 550 1578; x_wconf 81' lang='lat' dir='ltr'><strong>SOLAN.</strong></span> 
     </span>
    </p>

    <p class='ocr_par' dir='ltr' id='par_1_4' title="bbox 397 1587 1668 2563">
     <span class='ocr_line' id='line_1_26' title="bbox 450 1587 1660 1644; baseline 0 -14"><span class='ocrx_word' id='word_1_206' title='bbox 450 1593 529 1631; x_wconf 82' lang='lat' dir='ltr'>ibid.</span> <span class='ocrx_word' id='word_1_207' title='bbox 548 1590 600 1641; x_wconf 68' lang='grc' dir='ltr'>Τξῖ</span> <span class='ocrx_word' id='word_1_208' title='bbox 617 1587 963 1644; x_wconf 58' lang='lat' dir='ltr'>’Epsxlhi·l&#39;5¹1&lt;pu&gt;q‘i)</span> <span class='ocrx_word' id='word_1_209' title='bbox 978 1589 1165 1643; x_wconf 71' lang='grc' dir='ltr'>Ἐρεχθείιι</span> <span class='ocrx_word' id='word_1_210' title='bbox 1184 1587 1301 1638; x_wconf 64' lang='grc' dir='ltr'><strong><em>εΓῆμος</em></strong></span> <span class='ocrx_word' id='word_1_211' title='bbox 1321 1587 1387 1630; x_wconf 67' lang='grc' dir='ltr'>τῆς</span> <span class='ocrx_word' id='word_1_212' title='bbox 1404 1587 1574 1629; x_wconf 58' lang='grc' dir='ltr'>Ἀττικῆς</span> <span class='ocrx_word' id='word_1_213' title='bbox 1592 1588 1660 1632; x_wconf 62' lang='grc' dir='ltr'>τῆς</span> 
     </span>
     <span class='ocr_line' id='line_1_27' title="bbox 399 1642 1661 1699; baseline -0.001 -15"><span class='ocrx_word' id='word_1_214' title='bbox 399 1644 585 1699; x_wconf 56' lang='grc' dir='ltr'>Αἱγιϊὲος</span> <span class='ocrx_word' id='word_1_215' title='bbox 598 1644 732 1695; x_wconf 65' lang='grc' dir='ltr'><strong><em>φυλῆς.</em></strong></span> <span class='ocrx_word' id='word_1_216' title='bbox 753 1644 878 1697; x_wconf 89' lang='lat' dir='ltr'>Steph.</span> <span class='ocrx_word' id='word_1_217' title='bbox 895 1644 990 1696; x_wconf 90' lang='lat' dir='ltr'>Byz.</span> <span class='ocrx_word' id='word_1_218' title='bbox 1008 1645 1083 1683; x_wconf 89' lang='lat' dir='ltr'>Adi</span> <span class='ocrx_word' id='word_1_219' title='bbox 1098 1644 1147 1684; x_wconf 90' lang='lat' dir='ltr'>A.</span> <span class='ocrx_word' id='word_1_220' title='bbox 1165 1643 1214 1684; x_wconf 93' lang='lat' dir='ltr'>G.</span> <span class='ocrx_word' id='word_1_221' title='bbox 1228 1643 1300 1683; x_wconf 94' lang='lat' dir='ltr'>IV.</span> <span class='ocrx_word' id='word_1_222' title='bbox 1323 1642 1444 1696; x_wconf 81' lang='lat'>10833</span> <span class='ocrx_word' id='word_1_223' title='bbox 1464 1656 1535 1682; x_wconf 87' lang='lat' dir='ltr'>nec</span> <span class='ocrx_word' id='word_1_224' title='bbox 1549 1644 1661 1697; x_wconf 91' lang='lat' dir='ltr'>quid-</span> 
     </span>
     <span class='ocr_line' id='line_1_28' title="bbox 398 1695 1661 1751; baseline -0.002 -12"><span class='ocrx_word' id='word_1_225' title='bbox 398 1714 514 1751; x_wconf 80' lang='lat' dir='ltr'>quam</span> <span class='ocrx_word' id='word_1_226' title='bbox 537 1710 655 1738; x_wconf 87' lang='lat' dir='ltr'>muta.</span> <span class='ocrx_word' id='word_1_227' title='bbox 689 1698 845 1737; x_wconf 80' lang='lat' dir='ltr'><strong>SOLAN.</strong></span> <span class='ocrx_word' id='word_1_228' title='bbox 874 1697 1009 1749; x_wconf 85' lang='lat' dir='ltr'>Quam</span> <span class='ocrx_word' id='word_1_229' title='bbox 1040 1698 1297 1737; x_wconf 81' lang='lat' dir='ltr'>difficultatem</span> <span class='ocrx_word' id='word_1_230' title='bbox 1327 1695 1558 1737; x_wconf 88' lang='lat' dir='ltr'>eruditiffimi</span> <span class='ocrx_word' id='word_1_231' title='bbox 1586 1698 1661 1738; x_wconf 83' lang='lat' dir='ltr'>viri</span> 
     </span>
     <span class='ocr_line' id='line_1_29' title="bbox 397 1750 1656 1805; baseline 0 -13"><span class='ocrx_word' id='word_1_232' title='bbox 397 1754 604 1793; x_wconf 69' lang='lat' dir='ltr'>Palmerius</span> <span class='ocrx_word' id='word_1_233' title='bbox 624 1752 665 1791; x_wconf 67' lang='grc' dir='ltr'>δε</span> <span class='ocrx_word' id='word_1_234' title='bbox 685 1752 806 1792; x_wconf 83' lang='lat' dir='ltr'>Faber</span> <span class='ocrx_word' id='word_1_235' title='bbox 826 1763 1059 1799; x_wconf 80' lang='lat' dir='ltr'>moverunt,</span> <span class='ocrx_word' id='word_1_236' title='bbox 1079 1753 1145 1805; x_wconf 88' lang='lat' dir='ltr'>qui</span> <span class='ocrx_word' id='word_1_237' title='bbox 1161 1752 1243 1791; x_wconf 92' lang='lat' dir='ltr'>tolli</span> <span class='ocrx_word' id='word_1_238' title='bbox 1264 1750 1377 1805; x_wconf 87' lang='lat' dir='ltr'>poffit</span> <span class='ocrx_word' id='word_1_239' title='bbox 1391 1781 1402 1797; x_wconf 85' lang='lat'>‚</span> <span class='ocrx_word' id='word_1_240' title='bbox 1422 1764 1503 1791; x_wconf 88' lang='lat' dir='ltr'>non</span> <span class='ocrx_word' id='word_1_241' title='bbox 1525 1751 1656 1792; x_wconf 85' lang='lat' dir='ltr'>video.</span> 
     </span>
     <span class='ocr_line' id='line_1_30' title="bbox 400 1805 1660 1861; baseline -0.002 -14"><span class='ocrx_word' id='word_1_242' title='bbox 400 1809 490 1861; x_wconf 76' lang='lat' dir='ltr'>Legi</span> <span class='ocrx_word' id='word_1_243' title='bbox 510 1808 664 1861; x_wconf 89' lang='lat' dir='ltr'>quidem</span> <span class='ocrx_word' id='word_1_244' title='bbox 684 1807 788 1846; x_wconf 86' lang='lat' dir='ltr'>iubet</span> <span class='ocrx_word' id='word_1_245' title='bbox 803 1806 924 1845; x_wconf 88' lang='lat' dir='ltr'>Faber</span> <span class='ocrx_word' id='word_1_246' title='bbox 944 1805 1124 1859; x_wconf 59' lang='grc' dir='ltr'>Αἱγηΐὲι,</span> <span class='ocrx_word' id='word_1_247' title='bbox 1146 1817 1324 1859; x_wconf 87' lang='lat' dir='ltr'>tempore</span> <span class='ocrx_word' id='word_1_248' title='bbox 1340 1805 1473 1845; x_wconf 86' lang='lat' dir='ltr'>Suidae</span> <span class='ocrx_word' id='word_1_249' title='bbox 1488 1806 1660 1845; x_wconf 89' lang='lat' dir='ltr'>nondum</span> 
     </span>
     <span class='ocr_line' id='line_1_31' title="bbox 398 1858 1662 1913; baseline 0 -12"><span class='ocrx_word' id='word_1_250' title='bbox 398 1862 527 1902; x_wconf 87' lang='lat' dir='ltr'>locum</span> <span class='ocrx_word' id='word_1_251' title='bbox 552 1863 656 1901; x_wconf 86' lang='lat' dir='ltr'>hunc</span> <span class='ocrx_word' id='word_1_252' title='bbox 674 1861 833 1900; x_wconf 84' lang='lat' dir='ltr'>Luciani</span> <span class='ocrx_word' id='word_1_253' title='bbox 849 1871 1073 1913; x_wconf 89' lang='lat' dir='ltr'>corruptum</span> <span class='ocrx_word' id='word_1_254' title='bbox 1089 1858 1196 1900; x_wconf 84' lang='lat' dir='ltr'>fuisse</span> <span class='ocrx_word' id='word_1_255' title='bbox 1215 1871 1374 1913; x_wconf 86' lang='lat' dir='ltr'>putans:</span> <span class='ocrx_word' id='word_1_256' title='bbox 1404 1858 1464 1899; x_wconf 90' lang='lat' dir='ltr'>sed</span> <span class='ocrx_word' id='word_1_257' title='bbox 1482 1872 1532 1899; x_wconf 88' lang='lat' dir='ltr'>ex</span> <span class='ocrx_word' id='word_1_258' title='bbox 1546 1859 1662 1901; x_wconf 81' lang='lat' dir='ltr'>Suida</span> 
     </span>
     <span class='ocr_line' id='line_1_32' title="bbox 401 1913 1662 1969; baseline 0 -15"><span class='ocrx_word' id='word_1_259' title='bbox 401 1917 540 1969; x_wconf 80' lang='lat' dir='ltr'>quibus</span> <span class='ocrx_word' id='word_1_260' title='bbox 566 1915 748 1955; x_wconf 79' lang='lat' dir='ltr'>machinis</span> <span class='ocrx_word' id='word_1_261' title='bbox 773 1915 848 1954; x_wconf 88' lang='lat' dir='ltr'>hoc</span> <span class='ocrx_word' id='word_1_262' title='bbox 870 1914 1025 1953; x_wconf 81' lang='lat' dir='ltr'>extundi</span> <span class='ocrx_word' id='word_1_263' title='bbox 1045 1913 1181 1968; x_wconf 69' lang='lat' dir='ltr'>potiit,</span> <span class='ocrx_word' id='word_1_264' title='bbox 1205 1914 1294 1952; x_wconf 89' lang='lat' dir='ltr'>mihi</span> <span class='ocrx_word' id='word_1_265' title='bbox 1319 1914 1428 1966; x_wconf 86' lang='lat' dir='ltr'>plane</span> <span class='ocrx_word' id='word_1_266' title='bbox 1454 1913 1662 1954; x_wconf 89' lang='lat' dir='ltr'>obscurum</span> 
     </span>
     <span class='ocr_line' id='line_1_33' title="bbox 400 1966 1663 2023; baseline -0.001 -14"><span class='ocrx_word' id='word_1_267' title='bbox 400 1970 466 2011; x_wconf 84' lang='lat' dir='ltr'>est.</span> <span class='ocrx_word' id='word_1_268' title='bbox 490 1971 574 2023; x_wconf 84' lang='lat' dir='ltr'>Ego</span> <span class='ocrx_word' id='word_1_269' title='bbox 598 1969 773 2008; x_wconf 82' lang='lat' dir='ltr'>iniuriam</span> <span class='ocrx_word' id='word_1_270' title='bbox 795 1969 970 2008; x_wconf 87' lang='lat' dir='ltr'>Luciano</span> <span class='ocrx_word' id='word_1_271' title='bbox 988 1967 1073 2007; x_wconf 87' lang='lat' dir='ltr'>fieri</span> <span class='ocrx_word' id='word_1_272' title='bbox 1089 1968 1232 2008; x_wconf 85' lang='lat' dir='ltr'>nullam</span> <span class='ocrx_word' id='word_1_273' title='bbox 1257 1967 1445 2016; x_wconf 87' lang='lat' dir='ltr'>arbitror,</span> <span class='ocrx_word' id='word_1_274' title='bbox 1464 1966 1491 2006; x_wconf 82' lang='lat' dir='ltr'>st</span> <span class='ocrx_word' id='word_1_275' title='bbox 1509 1967 1663 2021; x_wconf 85' lang='lat' dir='ltr'>culpam</span> 
     </span>
     <span class='ocr_line' id='line_1_34' title="bbox 400 2019 1662 2077; baseline 0.001 -15"><span class='ocrx_word' id='word_1_276' title='bbox 400 2024 523 2063; x_wconf 84' lang='lat' dir='ltr'>tribus</span> <span class='ocrx_word' id='word_1_277' title='bbox 542 2036 740 2077; x_wconf 82' lang='lat' dir='ltr'>perperam</span> <span class='ocrx_word' id='word_1_278' title='bbox 763 2022 905 2074; x_wconf 79' lang='lat' dir='ltr'>positae</span> <span class='ocrx_word' id='word_1_279' title='bbox 927 2022 965 2060; x_wconf 87' lang='lat' dir='ltr'>in</span> <span class='ocrx_word' id='word_1_280' title='bbox 987 2023 1071 2061; x_wconf 88' lang='lat' dir='ltr'>eius</span> <span class='ocrx_word' id='word_1_281' title='bbox 1093 2022 1378 2074; x_wconf 80' lang='lat' dir='ltr'>incogitantiam</span> <span class='ocrx_word' id='word_1_282' title='bbox 1397 2019 1662 2063; x_wconf 84' lang='lat' dir='ltr'>conferamus:</span> 
     </span>
     <span class='ocr_line' id='line_1_35' title="bbox 402 2073 1666 2130; baseline -0.001 -14"><span class='ocrx_word' id='word_1_283' title='bbox 402 2078 529 2130; x_wconf 83' lang='lat' dir='ltr'>qualia</span> <span class='ocrx_word' id='word_1_284' title='bbox 547 2075 862 2129; x_wconf 78' lang='lat' dir='ltr'>praestantiffimis</span> <span class='ocrx_word' id='word_1_285' title='bbox 885 2076 996 2115; x_wconf 77' lang='lat' dir='ltr'>etiam</span> <span class='ocrx_word' id='word_1_286' title='bbox 1017 2075 1266 2129; x_wconf 81' lang='lat' dir='ltr'>scriptoribus</span> <span class='ocrx_word' id='word_1_287' title='bbox 1288 2073 1466 2115; x_wconf 83' lang='lat' dir='ltr'>excidiffe</span> <span class='ocrx_word' id='word_1_288' title='bbox 1483 2088 1666 2115; x_wconf 89' lang='lat' dir='ltr'>nonnun-</span> 
     </span>
     <span class='ocr_line' id='line_1_36' title="bbox 402 2129 1667 2184; baseline 0.002 -14"><span class='ocrx_word' id='word_1_289' title='bbox 402 2144 520 2184; x_wconf 87' lang='lat' dir='ltr'>quam</span> <span class='ocrx_word' id='word_1_290' title='bbox 537 2131 860 2184; x_wconf 86' lang='lat' dir='ltr'>imprudentibus,</span> <span class='ocrx_word' id='word_1_291' title='bbox 875 2129 999 2184; x_wconf 82' lang='lat' dir='ltr'>palam</span> <span class='ocrx_word' id='word_1_292' title='bbox 1016 2129 1080 2168; x_wconf 91' lang='lat' dir='ltr'>est.</span> <span class='ocrx_word' id='word_1_293' title='bbox 1102 2129 1144 2168; x_wconf 86' lang='lat' dir='ltr'>In</span> <span class='ocrx_word' id='word_1_294' title='bbox 1164 2129 1358 2183; x_wconf 87' lang='lat' dir='ltr'>Stephano</span> <span class='ocrx_word' id='word_1_295' title='bbox 1371 2129 1535 2180; x_wconf 88' lang='lat' dir='ltr'>Byzant.</span> <span class='ocrx_word' id='word_1_296' title='bbox 1549 2130 1667 2172; x_wconf 55' lang='lat' dir='ltr'>vitio&lt;</span> 
     </span>
     <span class='ocr_line' id='line_1_37' title="bbox 403 2182 1663 2236; baseline 0.001 -13"><span class='ocrx_word' id='word_1_297' title='bbox 403 2187 441 2223; x_wconf 76' lang='lat' dir='ltr'>se</span> <span class='ocrx_word' id='word_1_298' title='bbox 460 2184 634 2224; x_wconf 88' lang='lat' dir='ltr'>scribitur</span> <span class='ocrx_word' id='word_1_299' title='bbox 651 2183 845 2236; x_wconf 63' lang='grc' dir='ltr'>Ἐρεχθέα,</span> <span class='ocrx_word' id='word_1_300' title='bbox 862 2197 906 2223; x_wconf 89' lang='lat' dir='ltr'>ut</span> <span class='ocrx_word' id='word_1_301' title='bbox 927 2184 1000 2223; x_wconf 87' lang='lat' dir='ltr'>iam</span> <span class='ocrx_word' id='word_1_302' title='bbox 1023 2182 1221 2223; x_wconf 81' lang='lat' dir='ltr'>Meurfius,</span> <span class='ocrx_word' id='word_1_303' title='bbox 1238 2183 1503 2222; x_wconf 85' lang='lat' dir='ltr'>animadvertit</span> <span class='ocrx_word' id='word_1_304' title='bbox 1523 2183 1561 2222; x_wconf 87' lang='lat' dir='ltr'>in</span> <span class='ocrx_word' id='word_1_305' title='bbox 1575 2183 1663 2224; x_wconf 88' lang='lat' dir='ltr'>Rel.</span> 
     </span>
     <span class='ocr_line' id='line_1_38' title="bbox 403 2235 1666 2291; baseline -0.001 -13"><span class='ocrx_word' id='word_1_306' title='bbox 403 2239 485 2278; x_wconf 90' lang='lat' dir='ltr'>Att.</span> <span class='ocrx_word' id='word_1_307' title='bbox 508 2240 617 2278; x_wconf 88' lang='lat' dir='ltr'>nullo</span> <span class='ocrx_word' id='word_1_308' title='bbox 637 2250 766 2278; x_wconf 82' lang='lat' dir='ltr'>tamen</span> <span class='ocrx_word' id='word_1_309' title='bbox 785 2239 866 2277; x_wconf 87' lang='lat' dir='ltr'>iure</span> <span class='ocrx_word' id='word_1_310' title='bbox 884 2237 1117 2291; x_wconf 86' lang='lat' dir='ltr'>Stephanum</span> <span class='ocrx_word' id='word_1_311' title='bbox 1142 2236 1263 2290; x_wconf 88' lang='lat' dir='ltr'>ipsum</span> <span class='ocrx_word' id='word_1_312' title='bbox 1286 2235 1467 2277; x_wconf 85' lang='lat' dir='ltr'>accusans</span> <span class='ocrx_word' id='word_1_313' title='bbox 1480 2267 1495 2284; x_wconf 91' lang='lat'><em>,</em></span> <span class='ocrx_word' id='word_1_314' title='bbox 1517 2236 1559 2276; x_wconf 72' lang='grc' dir='ltr'>δι</span> <span class='ocrx_word' id='word_1_315' title='bbox 1573 2250 1666 2277; x_wconf 92' lang='lat' dir='ltr'>cor-</span> 
     </span>
     <span class='ocr_line' id='line_1_39' title="bbox 403 2289 1665 2346; baseline 0.001 -15"><span class='ocrx_word' id='word_1_316' title='bbox 403 2292 676 2346; x_wconf 63' lang='lat' dir='ltr'>rupfiffimum,</span> <span class='ocrx_word' id='word_1_317' title='bbox 697 2294 735 2331; x_wconf 88' lang='lat' dir='ltr'>in</span> <span class='ocrx_word' id='word_1_318' title='bbox 756 2293 861 2345; x_wconf 89' lang='lat' dir='ltr'>quod</span> <span class='ocrx_word' id='word_1_319' title='bbox 880 2292 1073 2338; x_wconf 88' lang='lat' dir='ltr'>inciderit,</span> <span class='ocrx_word' id='word_1_320' title='bbox 1094 2291 1308 2344; x_wconf 80' lang='lat' dir='ltr'>exemplar:</span> <span class='ocrx_word' id='word_1_321' title='bbox 1334 2289 1476 2330; x_wconf 72' lang='lat' dir='ltr'>obieffi</span> <span class='ocrx_word' id='word_1_322' title='bbox 1497 2291 1665 2332; x_wconf 86' lang='lat' dir='ltr'>criminis</span> 
     </span>
     <span class='ocr_line' id='line_1_40' title="bbox 403 2343 1667 2399; baseline -0.001 -13"><span class='ocrx_word' id='word_1_323' title='bbox 403 2360 493 2386; x_wconf 90' lang='lat' dir='ltr'>eum</span> <span class='ocrx_word' id='word_1_324' title='bbox 509 2346 670 2387; x_wconf 80' lang='lat' dir='ltr'>absolvit</span> <span class='ocrx_word' id='word_1_325' title='bbox 683 2347 780 2386; x_wconf 88' lang='lat' dir='ltr'>ordo</span> <span class='ocrx_word' id='word_1_326' title='bbox 795 2347 987 2386; x_wconf 85' lang='lat' dir='ltr'>literarum</span> <span class='ocrx_word' id='word_1_327' title='bbox 1000 2377 1010 2394; x_wconf 89' lang='lat'><strong>‚</strong></span> <span class='ocrx_word' id='word_1_328' title='bbox 1029 2346 1096 2399; x_wconf 90' lang='lat' dir='ltr'>qui</span> <span class='ocrx_word' id='word_1_329' title='bbox 1120 2345 1206 2384; x_wconf 87' lang='lat' dir='ltr'>satis</span> <span class='ocrx_word' id='word_1_330' title='bbox 1220 2346 1320 2384; x_wconf 85' lang='lat' dir='ltr'>clare</span> <span class='ocrx_word' id='word_1_331' title='bbox 1338 2343 1493 2384; x_wconf 85' lang='lat' dir='ltr'>testatur</span> <span class='ocrx_word' id='word_1_332' title='bbox 1514 2345 1586 2398; x_wconf 86' lang='lat' dir='ltr'>legi</span> <span class='ocrx_word' id='word_1_333' title='bbox 1599 2345 1667 2385; x_wconf 85' lang='lat' dir='ltr'>de·</span> 
     </span>
     <span class='ocr_line' id='line_1_41' title="bbox 404 2398 1666 2454; baseline -0.001 -14"><span class='ocrx_word' id='word_1_334' title='bbox 404 2401 495 2440; x_wconf 90' lang='lat' dir='ltr'>bere</span> <span class='ocrx_word' id='word_1_335' title='bbox 510 2401 640 2454; x_wconf 69' lang='grc' dir='ltr'>Ἐρχία</span> <span class='ocrx_word' id='word_1_336' title='bbox 658 2401 719 2440; x_wconf 90' lang='lat' dir='ltr'>vel</span> <span class='ocrx_word' id='word_1_337' title='bbox 732 2401 907 2452; x_wconf 68' lang='grc' dir='ltr'>Ἔρχεκι.</span> <span class='ocrx_word' id='word_1_338' title='bbox 925 2401 1029 2440; x_wconf 91' lang='lat' dir='ltr'>Tum</span> <span class='ocrx_word' id='word_1_339' title='bbox 1045 2413 1164 2453; x_wconf 89' lang='lat' dir='ltr'>porro</span> <span class='ocrx_word' id='word_1_340' title='bbox 1178 2399 1403 2439; x_wconf 89' lang='lat' dir='ltr'>totuslocus</span> <span class='ocrx_word' id='word_1_341' title='bbox 1418 2398 1521 2438; x_wconf 87' lang='lat' dir='ltr'>hunc</span> <span class='ocrx_word' id='word_1_342' title='bbox 1533 2400 1570 2438; x_wconf 90' lang='lat' dir='ltr'>in</span> <span class='ocrx_word' id='word_1_343' title='bbox 1581 2412 1666 2439; x_wconf 90' lang='lat' dir='ltr'>mo-</span> 
     </span>
     <span class='ocr_line' id='line_1_42' title="bbox 405 2450 1668 2507; baseline 0 -13"><span class='ocrx_word' id='word_1_344' title='bbox 405 2455 496 2494; x_wconf 91' lang='lat' dir='ltr'>dum</span> <span class='ocrx_word' id='word_1_345' title='bbox 516 2454 569 2494; x_wconf 87' lang='lat' dir='ltr'>est</span> <span class='ocrx_word' id='word_1_346' title='bbox 585 2454 890 2494; x_wconf 84' lang='lat' dir='ltr'>constituendus:</span> <span class='ocrx_word' id='word_1_347' title='bbox 906 2450 1082 2507; x_wconf 69' lang='grc' dir='ltr'>Ἴὶρχειιι,</span> <span class='ocrx_word' id='word_1_348' title='bbox 1100 2452 1216 2504; x_wconf 59' lang='lat' dir='ltr'>stilum·</span> <span class='ocrx_word' id='word_1_349' title='bbox 1235 2451 1299 2493; x_wconf 74' lang='grc' dir='ltr'>τῆς</span> <span class='ocrx_word' id='word_1_350' title='bbox 1320 2450 1509 2502; x_wconf 66' lang='grc' dir='ltr'>Ἀττικῆς,</span> <span class='ocrx_word' id='word_1_351' title='bbox 1527 2451 1592 2493; x_wconf 67' lang='grc' dir='ltr'>τῆς</span> <span class='ocrx_word' id='word_1_352' title='bbox 1606 2453 1668 2494; x_wconf 59' lang='grc' dir='ltr'>Αἷὲ</span> 
     </span>
     <span class='ocr_line' id='line_1_43' title="bbox 404 2504 1668 2563; baseline -0.003 -13"><span class='ocrx_word' id='word_1_353' title='bbox 404 2507 695 2563; x_wconf 59' lang='grc' dir='ltr'>γηῖἒοςφυλὶῑς,</span> <span class='ocrx_word' id='word_1_354' title='bbox 713 2509 792 2548; x_wconf 64' lang='grc' dir='ltr'>ἀπὸ</span> <span class='ocrx_word' id='word_1_355' title='bbox 811 2508 969 2562; x_wconf 60' lang='grc' dir='ltr'>Ἐρχιέως</span> <span class='ocrx_word' id='word_1_356' title='bbox 989 2506 1054 2547; x_wconf 73' lang='grc' dir='ltr'>τοῦ</span> <span class='ocrx_word' id='word_1_357' title='bbox 1070 2506 1276 2561; x_wconf 70' lang='grc' dir='ltr'>ξενίσαντος</span> <span class='ocrx_word' id='word_1_358' title='bbox 1296 2504 1511 2559; x_wconf 57' lang='grc' dir='ltr'>Δήμητρορν·</span> <span class='ocrx_word' id='word_1_359' title='bbox 1534 2520 1668 2557; x_wconf 64' lang='grc' dir='ltr'>τετραε-4</span> 
     </span>
    </p>
   </div>
   <div class='ocr_carea' id='block_1_3' title="bbox 1666 815 1737 3378">
    <p class='ocr_par' dir='ltr' id='par_1_5' title="bbox 1666 815 1737 3378">
     <span class='ocr_line' id='line_1_44' title="bbox 1666 815 1737 3378; baseline 0 0"><span class='ocrx_word' id='word_1_360' title='bbox 1666 815 1737 3378; x_wconf 95' lang='lat' dir='ltr'> </span> 
     </span>
    </p>
   </div>
  </div>
 </body>
</html>
