1737 3378
437 241 526 272 212
637 214 1504 266 ANNOTATIONES

434 304 571 346 Achill.
591 304 767 350 Tat.1V‚
789 317 828 357 p.
854 316 945 357 341,
962 302 1117 354 ἀνέθορεν
1138 298 1203 341 ὑπ’
1222 300 1447 356 ἐκπλήξεως.
1467 318 1505 358 p.
1530 316 1601 360 343
1623 305 1702 348 &a

435 359 543 398 Dion
563 356 663 397 Cass.
686 371 722 411 p.
737 359 810 408 625
834 357 878 396 B.
896 356 937 408 ἐξ
960 355 1174 408 ἀνὸρίοιντος
1195 359 1295 396 τινὸς
1319 360 1463 396 καπνὸς
1481 359 1600 398 πολὺς
1618 361 1702 400 ἀνέ-

434 412 539 462 eom·
563 411 744 464 Apollod.
771 410 813 457 I,
833 425 870 464 p.
899 424 955 449 11.
985 410 1133 449 rariore
1163 409 1292 449 forma
1319 410 1469 450 Aelian.
1493 411 1539 451 de
1569 412 1702 453 Anim.

435 465 518 512 XI,
544 479 615 518 32,
635 466 677 504 ἐκ.
701 463 770 504 τοῦ
790 467 934 516 λέχους
955 462 1171 515 ὰνεθόρνυτο.
1196 464 1237 502 &
1258 463 1398 509 XVII,
1418 465 1490 512 46,
1513 460 1703 518 ὖποθορνὺ-

434 533 550 569 μενοι·
574 532 807 572 quamquam
831 519 906 557 hoc
928 518 974 556 de
994 517 1148 556 libidine
1164 529 1330 556 venerea
1348 528 1538 570 ponatur:
1558 530 1602 558 ut
1619 519 1703 559 ἑπι-

435 573 627 625 Θόρνυσῧαι
650 573 690 611 in
713 574 850 611 Amor.
875 571 890 620 §
918 585 981 610 22.
1011 569 1182 623 utrisque
1200 582 1330 609 carent
1351 571 1504 610 Lexica.
1522 572 1703 613 Similiter

435 625 583 679 ἐκθορεῖν
596 626 700 678 apud
717 625 914 664 Nostrum.
931 623 1102 663 philostr.
1116 625 1170 663 V.
1189 625 1238 664 A.
1254 635 1287 662 c.
1309 624 1519 678 5.'Appian.
1533 625 1579 665 de
1589 625 1634 666 Β.
1652 625 1704 674 C.

434 679 511 727 111,
534 693 571 732 p.
596 679 673 732 938
689 711 699 728 ‚
719 680 761 718 ἑκ
785 678 851 718 τῆς
876 675 979 717 εὗννῖς
1002 679 1171 729 ἄζωστος
1193 678 1228 717 ἐς
1248 674 1385 717 αὐτοὺς
1410 676 1555 730 ἐξέθορε·
1574 679 1620 719 de
1645 680 1704 719 in-

436 733 605 774 fantibus
622 731 823 785 usurpatur
836 763 846 780 ,
867 745 955 771 cum
975 743 1024 770 ex
1045 743 1159 771 utero
1178 733 1216 770 in
1234 731 1361 770 lucem
1379 742 1605 784 erumpunt:
1627 733 1704 772 fal-

436 787 498 828 sus
517 788 704 839 Hippocr.
726 786 795 838 Ep.
816 786 864 824 ad
883 785 1049 836 Damag.
1068 785 1109 823 ἐν,
1126 785 1301 836 μητρῴων
1322 787 1406 837 ’γὰρ
1430 783 1559 836 λύθρων
1582 786 1704 826 τοιοῦ-

437 857 503 881 τος
521 841 686 891 ἐξέθορεν·
701 839 921 878 Caliimach.
944 839 995 877 H.
1009 839 1046 876 in
1063 838 1151 877 Del.
1166 851 1202 876 v.
1226 851 1314 889 255.
1332 839 1432 877 idem
1447 837 1502 888 est
1515 839 1706 893 προθορεῖν,

437 894 670 946 ἐκπρσθορεῑν.
692 893 863 932 Maneth.
881 891 958 940 VI,
986 906 1030 944 33
1047 920 1057 936 ,
1091 905 1175 931 100.
1202 892 1358 942 Prosilire
1377 892 1529 931 Latinis.
1549 893 1705 934 Arnob.

437 949 474 988 Π
486 979 500 995 ,
521 962 557 1000 Ρ.
573 961 624 997 70
636 977 649 993 ,
664 948 874 985 Feminarum
888 961 931 984 ex
943 946 1146 996 genitalibus
1160 946 1358 996 prosilirent.
1381 946 1544 984 HEMST.

493 1005 567 1040 ead.
595 1002 617 1039 l.
651 1015 709 1040 11.
737 999 777 1039 ‘H
805 999 1009 1052 καινότης)
1043 1000 1171 1038 Antea
1201 999 1303 1038 illam
1329 1000 1492 1039 vocavit
1518 1002 1562 1038 ‘rb
1594 999 1706 1054 ξένοι

438 1056 614 1096 Bonan.

493 1111 567 1148 ead.
593 1109 617 1146 l.
646 1122 704 1161 ¹3·
724 1105 787 1146 Ὡς
809 1109 878 1160 orph
900 1105 992 1159 τοῦ)
1010 1106 1065 1145 Ut
1085 1116 1209 1144 antea.
1230 1105 1368 1145 BROD.

493 1165 566 1202 ead.
586 1163 610 1200 l.
637 1165 694 1201 16.
709 1160 880 1200 Aisomoe
899 1159 944 1199 ἑὲ
962 1159 1036 1212 μὴ)
1056 1159 1157 1199 Cum
1174 1159 1344 1198 viderem
1368 1159 1461 1200 haec
1482 1161 1614 1200 omnia
1629 1159 1706 1202 effe

439 1216 624 1264 confusa,
643 1228 723 1254 non
750 1214 865 1253 ausus
891 1213 971 1254 sum
999 1226 1048 1253 ex
1067 1214 1220 1266 ingenio
1245 1212 1329 1253 solo
1351 1213 1547 1253 meliorem
1570 1214 1705 1256 lectio-

439 1284 528 1310 nem
555 1268 737 1315 afferere,
760 1281 879 1321 quam
899 1280 971 1307 nec
998 1268 1251 1320 agnoscebant
1277 1267 1377 1306 ullae
1400 1267 1607 1315 editiones,
1631 1281 1704 1309 nec

440 1324 527 1364 Mff.
542 1325 649 1363 Haec
667 1324 800 1362 omnia
821 1322 871 1362 s1c
884 1333 982 1375 puto
1005 1320 1112 1374 posse
1126 1321 1216 1372 legi:
1235 1323 1342 1373 παρὰ,
1359 1321 1424 1359 τὀν
1448 1320 1577 1361 πότον.
1602 1321 1632 1360 οἱ
1656 1322 1703 1362 st

441 1379 621 1429 ἄνθρωποι
641 1378 701 1415 τὸν
724 1391 759 1428 χ
765 1381 887 1415 αλινδν
908 1375 964 1414 ἔτι
984 1371 1102 1414 αὐτῆς
1121 1374 1356 1426 Ξποιυμάζουσι
1367 1404 1382 1421 ,
1396 1375 1461 1413 καὶ
1480 1374 1547 1417 τὴν
1568 1373 1703 1429 ἁλουρ-

439 1431 558 1485 γῖἒα..
578 1429 736 1469 sesama.
756 1429 826 1475 δ’ὲ,
848 1430 921 1469 δίε.
941 1429 1114 1468 BOURD.
1142 1427 1145 1429 ¹

497 1485 590 1535 Pag.
607 1497 669 1537 23.
686 1484 707 1520 l.
735 1497 767 1521 1.
786 1482 830 1521 Οἱ
847 1482 893 1522 δὲ
910 1482 1084 1534 ἀνθρωττοι
1097 1481 1190 1535 &c.)
1206 1482 1297 1521 Hoc
1310 1481 1419 1522 vult:
1441 1482 1616 1530 Vereor,
1632 1496 1683 1524 ne
1689 1491 1706 1530 ‚¹

439 1537 765 1592 quemadmodum
795 1536 931 1575 cameli
956 1537 1086 1588 nigrae
1111 1536 1234 1588 magis
1256 1536 1492 1575 mirabantur
1518 1536 1707 1590 Aegyptii

441 1594 615 1632 fraenum
635 1591 676 1631 δι
696 1590 899 1643 stragulam
929 1590 1094 1637 vestem,
1122 1602 1238 1642 quam
1272 1587 1388 1642 ipsam
1417 1590 1630 1638 camelum,
1651 1592 1707 1631 ita

440 1647 555 1686 etiam
579 1646 618 1684 in
646 1658 736 1684 meo
763 1657 883 1697 opere
905 1644 1027 1683 aliena
1055 1654 1282 1683 ornamenta
1307 1642 1471 1683 lectores
1491 1644 1704 1695 mirentur,

439 1699 526 1754 ipso
544 1699 691 1753 spreto:
716 1698 794 1737 hoc
807 1697 860 1737 est
873 1728 882 1745 ,
901 1709 1172 1752 pergamenam
1184 1726 1198 1743 ,
1216 1698 1505 1750 καλλιγραφίαν
1522 1698 1704 1738 librario-

439 1768 551 1802 rum,
572 1753 720 1805 aliaque
746 1750 888 1790 fimilia.
920 1752 983 1792 Sic
1006 1751 1190 1791 miramur
1212 1752 1383 1790 chartam
1407 1752 1450 1791 &
1471 1751 1705 1805 elegantiam
1736 1763 1737 1768 ¹

440 1820 630 1860 typorum
653 1809 693 1844 in
706 1806 833 1845 multis
849 1805 954 1845 libris
964 1835 974 1852 ‚
989 1817 1090 1859 quos
1105 1806 1304 1858 ceteroqui
1317 1805 1544 1858 spernimus,
1559 1806 1606 1846 ad
1619 1819 1703 1847 rem

440 1862 558 1916 ipsam
573 1861 678 1914 quod
693 1860 836 1899 attinet.
851 1859 956 1898 Nihil
972 1871 1068 1912 ergo
1085 1859 1146 1898 hic
1162 1860 1401 1898 mutandum.
1417 1858 1545 1901 CLtR.

493 1920 569 1955 ead.
584 1917 608 1953 l.
630 1928 664 1953 2.
680 1913 945 1966 Θαυμὰζσυσι)
960 1912 1205 1963 Θαυμάζωσι.
1221 1914 1411 1952 MARCIL.

495 1971 575 2009 ibid.
594 1968 693 2008 Ἐπεὶ
712 1967 758 2006 δὲ·
781 1963 1056 2020 οὗδχὲγΕπειὸὴ
1073 1963 1159 2006 08·st
1174 1966 1227 2006 O.
1245 1966 1462 2020 suspensum
1483 1979 1532 2007 ex
1551 1976 1705 2008 antece*

440 2025 564 2064 dente.
589 2023 778 2061 MARcu..
794 2021 886 2060 Non
909 2034 972 2060 me
989 2020 1090 2073 fugit
1103 2053 1113 2070 ‚
1128 2033 1229 2073 quos
1246 2020 1336 2061 usus
1354 2020 1493 2061 habeat
1512 2021 1595 2062 ἐπεὶ
1617 2031 1703 2062 tum

437 2079 479 2117 in
506 2076 826 2130 probationibus,
852 2086 934 2114 tum
961 2073 990 2113 fi
1013 2075 1104 2128 quid
1124 2074 1348 2114 obiiciatur:
1372 2073 1434 2114 sed
1456 2073 1522 2114 ista
1540 2075 1635 2128 ‚nihil
1655 2075 1705 2115 ad

440 2132 546 2171 hunc
560 2132 703 2170 locum.
722 2129 944 2182 Legendum
960 2129 1123 2168 omnino
1143 2128 1317 2176 videtur,
1338 2126 1392 2167 ἔτι
1418 2127 1487 2176 δὲ,
1512 2127 1636 2170 Ροιτο
1652 2141 1704 2169 ne

438 2186 518 2225 hoc
539 2185 713 2237 quidem,
733 2182 760 2221 fi
781 2183 872 2235 quid
885 2195 934 2222 ex
957 2182 1114 2222 duobus
1132 2182 1397 2236 pulcherrimis
1416 2182 1633 2230 confletur,
1653 2182 1703 2222 ad

437 2240 679 2278 venustatem
699 2237 847 2276 sufficit.
869 2236 934 2275 Ab
957 2248 1185 2289 argumento
1207 2235 1340 2290 priore
1359 2234 1547 2276 discedens
1560 2235 1702 2276 Noster

437 2294 540 2333 aliud
571 2291 783 2344 ingreditur
811 2303 857 2330 ac
882 2290 1098 2338 diversum3
1115 2303 1197 2342 quo
1222 2292 1262 2329 in
1287 2302 1426 2343 genere
1439 2290 1699 2330 commodum

436 2347 491 2387 est
514 2347 555 2386 δι
575 2345 754 2385 usitatum
778 2344 846 2383 ἔτι·
868 2344 914 2383 de
936 2343 1094 2384 Confer.
1117 2343 1211 2383 Hist.
1233 2343 1249 2393 §
1272 2344 1319 2390 8,
1338 2342 1393 2383 ἔτι
1414 2343 1563 2397 ἀγνοεῖν
1578 2343 1702 2383 {olm

440 2416 500 2440 σιν
522 2400 551 2439 οἱ
574 2398 779 2447 τοιοῦτονξ
808 2412 876 2446 10,
898 2397 953 2437 ἔτι
978 2397 1123 2446 κᾴκεῖνο
1147 2397 1262 2437 εἰπεῖν
1287 2395 1405 2450 ἄξιον·
1429 2410 1502 2437 nec
1525 2397 1698 2451 pluribus

435 2456 475 2495 in
495 2467 535 2494 re
556 2454 658 2493 clara
676 2453 896 2504 indigemus.
912 2451 1157 2492 Creberrimo
1177 2450 1301 2491 Codd.
1324 2451 1575 2504 antiquorum
1593 2451 1700 2491 vitio

433 2507 514 2555 ἔτι,
532 2508 595 2549 ἐπὶ
620 2508 662 2548 &
681 2507 762 2547 ἐπεὶ
783 2505 1082 2546 confunduntur.
1102 2505 1331 2559 Interpretes
1354 2517 1434 2545 non
1448 2517 1606 2553 moror,
1625 2504 1698 2558 qui
