1737 3378
396 246 525 280 CXIV

429 381 1054 476 TESTIMONIA
1126 409 1625 485 QUAEDAM

960 563 1088 604 DE

526 693 1532 776 LUCIANO.

406 954 561 1073 PH
576 1032 603 1065 Ο
622 1031 669 1063 T.
690 1017 775 1062 cod.
802 1032 817 1061 1
832 1015 885 1063 28
903 1034 911 1059 :
929 1015 1003 1060 Ad
1021 1016 1175 1059 stilum
1195 1014 1329 1073 quod
1347 1013 1536 1070 attinet,
1557 1014 1666 1060 lon*

408 1103 463 1149 ge
483 1085 689 1145 optimus
707 1101 715 1126 :
740 1077 943 1125 diffione
961 1081 1062 1125 usus
1082 1080 1363 1143 significante
1380 1095 1431 1124 ac
1448 1079 1635 1139 propria
1647 1112 1665 1135 ‚

410 1166 532 1210 quae
553 1148 712 1192 efficax
728 1145 913 1190 dicendi
934 1161 1075 1207 genus
1095 1146 1240 1189 decet.
1274 1141 1588 1189 DistinClionis
1606 1141 1668 1188 acl

412 1216 525 1259 haec
539 1248 551 1268 ‚
577 1226 718 1271 atque
737 1209 951 1271 puritatis
967 1243 980 1265 ‚
1003 1225 1151 1268 aeque
1172 1220 1225 1253 ut
1243 1207 1574 1268 perspicuitatis
1587 1241 1600 1263 ‚
1627 1206 1670 1252 8C

409 1293 544 1338 aptae
565 1275 919 1338 magnitudinis,
936 1274 966 1318 fi
987 1274 1089 1332 quis
1109 1273 1220 1317 alius
1234 1308 1246 1329 ,
1266 1271 1574 1333 perstudiosus
1590 1272 1668 1316 est.

412 1341 818 1401 Compositionem
839 1354 1038 1397 quoque
1065 1338 1180 1381 adeo
1202 1334 1455 1382 commode
1475 1337 1671 1381 conciri*

400 1419 517 1461 snat,
538 1420 591 1449 ut
611 1402 753 1448 lector
766 1403 922 1448 credat
937 1437 948 1458 ,
970 1418 1067 1446 non
1086 1403 1130 1445 se
1151 1402 1378 1446 orationes
1399 1403 1574 1463 legere,
1590 1399 1671 1445 sed

413 1469 677 1515 iucundum
693 1467 889 1526 aliquod
907 1482 1092 1510 carmen
1108 1500 1119 1521 ,
1136 1466 1228 1510 sine
1246 1465 1487 1510 manifesto
1503 1476 1670 1521 cantu,

413 1533 711 1579 audientium
729 1531 918 1575 autibus
938 1531 1151 1574 instillari.

477 1597 641 1657 Erasm.
661 1596 788 1658 Epffl.
812 1595 862 1639 L.
883 1609 939 1652 29
955 1628 968 1650 ,
989 1594 1065 1657 El).
1089 1611 1111 1651 5
1131 1628 1142 1649 a
1165 1596 1207 1638 in
1226 1595 1412 1640 Luciam'
1427 1594 1671 1639 Somnium.-

418 1663 550 1707 Omne
571 1662 672 1705 tulit
684 1662 885 1723 pzmclzcm
903 1659 918 1718 (
933 1670 986 1703 ut
1001 1658 1170 1718 leripfit
1187 1659 1393 1720 Flaccus)
1413 1661 1486 1721 qui
1502 1658 1673 1720 mzscuit

417 1728 522 1771 utile
542 1726 668 1769 dulci.
696 1723 846 1791 Quod
864 1723 1059 1782 quidem
1079 1734 1159 1767 aut
1176 1739 1320 1769 nemo
1335 1758 1348 1780 ,
1367 1732 1471 1768 mea
1491 1723 1674 1769 senten«

417 1792 479 1834 tia
494 1824 506 1846 ‚
527 1801 605 1833 aut
621 1788 772 1832 noster
789 1788 863 1832 hic
885 1787 1114 1832 Lucianus
1134 1787 1194 1832 est
1207 1788 1450 1838 affecutu53
1481 1788 1565 1848 qui
1581 1787 1674 1848 pri-

418 1856 515 1898 scae
531 1852 803 1899 comoediae
821 1852 1127 1909 dicacitatem,
1142 1852 1220 1897 sed
1232 1853 1340 1898 citra
1359 1853 1673 1913 petulantiam

418 1918 618 1963 referens
635 1952 648 1973 ,
668 1917 827 1961 Deum
846 1917 1182 1961 immortalem!
1219 1934 1313 1977 qua
1331 1917 1514 1962 vafricie
1529 1950 1542 1972 9
1573 1933 1674 1977 quo

419 1985 580 2042 lepore
597 1981 834 2043 perstingit
854 1982 1011 2026 omnia
1025 2015 1037 2037 ,
1059 1997 1157 2040 quo
1173 1983 1280 2026 naso
1300 1978 1467 2027 cuncta
1484 1981 1674 2042 suspen-

421 2047 489 2091 dit
507 2082 518 2102 ‚
552 2064 696 2106 quam
727 2047 885 2090 omnia
916 2045 1035 2091 miro
1062 2047 1148 2090 lale
1171 2046 1415 2106 perfrica,
1450 2046 1568 2090 nihil
1596 2047 1672 2092 vel

420 2111 573 2156 obiter
600 2112 855 2173 attingens,
884 2109 1018 2170 quod
1049 2126 1148 2155 non
1173 2111 1334 2170 ¹aliquo
1368 2110 1498 2155 feriat
1523 2110 1676 2156 scom-

420 2188 544 2220 mate
562 2209 574 2231 ,
605 2176 858 2235 praecipue
882 2173 1169 2234 philosophis
1187 2175 1374 2220 infestus
1390 2209 1403 2231 ‚
1434 2186 1577 2235 atque
1599 2176 1675 2220 in·-

420 2252 490 2284 ter
508 2241 590 2284 lios
610 2239 922 2300 Pythagoricis
940 2239 1227 2299 potissimum
1243 2274 1254 2293 ‚
1274 2256 1323 2284 ac
1342 2239 1589 2286 Platonicis
1609 2240 1674 2285 ob

421 2304 674 2366 praestigias
691 2323 698 2346 :
718 2303 880 2348 Stoicis
901 2304 1013 2347 item
1027 2316 1219 2364 propter
1236 2303 1586 2349 intolerandum
1603 2303 1676 2349 su-
1709 2333 1719 2341 -

420 2369 693 2428 percilium‚
718 2368 801 2411 hos
819 2365 1035 2427 punclim
1058 2383 1108 2412 ac
1127 2368 1287 2412 caefim
1304 2402 1317 2424 ‚
1346 2369 1430 2413 hos
1454 2368 1582 2412 omni
1604 2378 1676 2413 te-

420 2435 579 2476 lorum
610 2449 777 2494 genere
808 2433 952 2492 petit3
988 2431 1134 2491 idque
1169 2432 1266 2477 iure
1306 2433 1490 2492 optimo
1511 2452 1518 2476 :
1557 2430 1677 2492 quid

422 2497 550 2541 enim
569 2497 767 2542 odiosius
783 2531 794 2553 ,
815 2497 933 2556 quid
956 2496 1110 2542 minus
1131 2495 1381 2543 ferendum
1397 2532 1408 2553 ‚
1430 2513 1573 2557 quam
1592 2497 1682 2540 im-
