1737 3378
427 273 500 310 :LX
704 258 813 306 DE
855 257 1185 317 AETATE,
1226 256 1417 307 VITA

427 369 550 415 ciani
571 365 889 413 defensionem
907 368 1070 430 suscipi
1084 405 1095 426 ,
1113 369 1375 415 videndum
1397 368 1583 427 censeo,
1600 374 1687 416 ani

427 449 517 488 ne,
548 433 745 491 quando
775 433 825 477 in
857 432 1018 478 Timon.
1038 450 1075 479 c.
1102 449 1158 491 52
1193 435 1328 479 nimis
1347 431 1601 479 affectatam
1629 435 1686 479 il-

426 498 522 541 lam
542 497 815 542 blanditiam
840 498 1147 558 praetermitti
1169 497 1366 559 potuisse
1392 499 1450 543 ab
1474 498 1685 543 Luciano

428 560 493 605 ait
506 594 519 616 ,
534 560 685 606 studio
701 561 887 624 frigidos
904 562 1154 607 adulatoris
1167 563 1274 608 sales
1287 562 1579 623 proposuerit
1592 563 1686 606 Lu-

427 625 614 681 cianus,
653 643 752 686 quo
782 627 1085 685 parasitorum
1117 643 1267 672 mores
1303 644 1360 672 eo
1396 626 1686 672 absurdiores

427 702 715 749 proponeret
731 725 744 745 ,
773 689 814 734 86
831 691 940 750 quia
961 690 1249 735 assentatores
1275 693 1489 751 plerique
1513 707 1561 735 re
1578 706 1688 735 vera

426 755 540 798 tales
559 753 643 798 effe
657 754 804 798 solent
819 773 828 803 ;
847 755 930 814 qui
951 755 1028 799 etsi
1042 756 1265 800 acutiores
1281 757 1405 800 iocos
1421 756 1556 800 etiam
1573 771 1687 814 pro-

425 816 614 873 ferunt,
645 830 805 863 tamen
834 834 942 879 prae
969 818 1206 864 dicacitate
1229 835 1326 864 non
1356 819 1546 879 possunt
1565 819 1686 877 quin

431 881 475 926 86
491 882 702 944 frigidos,
730 882 902 927 etiarnsi
921 884 996 927 vel
1013 883 1349 946 ingeniosissimi
1374 883 1527 928 essent.
1551 881 1687 927 Conf.

426 945 761 1008 Dial.Parasc1
782 947 859 991 fin.
892 947 976 991 ubi
1005 947 1163 991 similia
1188 947 1382 992 absurda
1405 947 1685 992 tribuuntur

427 1011 655 1070 parafiffis,
675 1022 729 1055 ut
751 1011 815 1055 ibi
835 1012 991 1071 paucis
1008 1011 1221 1056 indicavi.

496 1075 687 1120 Nullam
712 1092 823 1120 eum
850 1076 1124 1137 religionem
1152 1075 1405 1136 professum
1436 1075 1567 1121 fuiffe
1585 1110 1597 1131 ,
1626 1089 1688 1121 ex

427 1137 608 1184 Damon.
630 1155 668 1183 c.
699 1155 723 1196 5
756 1141 818 1184 ait
855 1139 1019 1184 Tillem.
1052 1139 1187 1184 Unde
1218 1139 1259 1185 86
1288 1141 1363 1185 alii
1390 1141 1687 1185 Atheismum

428 1203 525 1247 eius
541 1203 800 1249 deducunt.
819 1202 911 1249 Sed
926 1203 1075 1248 existo
1091 1204 1283 1249 Luciani
1300 1206 1405 1250 loco
1421 1205 1538 1249 nihil
1552 1203 1686 1249 aliud

429 1268 670 1324 conficias,
708 1285 854 1328 quam
889 1284 998 1312 eum
1033 1268 1369 1330 philosophum
1402 1267 1532 1314 fuisse
1565 1270 1688 1313 ecle-
1736 1278 1737 1290 ¹

426 1329 633 1388 &iamim
663 1344 716 1378 ut
735 1333 875 1377 hodie
893 1332 1110 1378 dicimus:
1147 1349 1290 1392 quare
1310 1333 1573 1378 Atheismus
1590 1333 1691 1377 eius

431 1413 492 1440 ex
510 1398 604 1441 aliis
631 1398 786 1457 potius
817 1397 953 1453 locis,
982 1398 1058 1441 vel
1087 1413 1144 1442 ex
1163 1410 1266 1442 toto
1288 1399 1384 1443 eius
1415 1398 1689 1443 libellorum

427 1461 598 1506 habitu
632 1462 937 1506 deducendus
965 1460 1109 1517 foret,
1142 1478 1287 1521 quem
1318 1475 1476 1506 tamen
1508 1462 1548 1506 ei
1586 1477 1688 1506 non

427 1525 793 1597 impingendum
809 1527 938 1570 idem
949 1526 1136 1570 Tillem.
1151 1525 1192 1570 86
1206 1527 1569 1589 Hoogstratanus
1586 1543 1689 1572 mo-

429 1601 547 1634 nent
564 1625 577 1646 ,
610 1606 719 1649 quia
739 1590 1016 1635 atheismum
1039 1590 1270 1650 nusquam
1290 1590 1454 1636 diserte
1468 1590 1689 1651 profitea-

428 1665 519 1698 tur.
538 1655 658 1698 Mihi
674 1666 832 1699 tamen
853 1655 934 1699 diu
957 1651 1189 1715 suspetfflis
1205 1655 1295 1699 fuit
1312 1655 1560 1711 Atheismi‚
1579 1666 1687 1701 tum

431 1735 492 1763 ex
507 1715 766 1764 charactere
785 1719 1014 1775 lasciviae,
1034 1735 1180 1790 quern
1197 1720 1264 1764 his
1279 1720 1447 1765 miseris
1470 1719 1563 1764 fere
1579 1736 1687 1780 pro-

429 1783 588 1843 prium
609 1782 723 1840 effe
752 1781 874 1829 reste
903 1783 1175 1828 Bentleius
1166 1800 1214 1828 in
1240 1783 1510 1848 Friponnerie
1529 1785 1690 1846 Lai‘que

429 1849 669 1903 observat
697 1850 870 1908 aliique
891 1848 1022 1908 saepe
1049 1862 1366 1898 monuerunt;
1400 1861 1505 1894 turn
1532 1865 1590 1893 ex
1617 1848 1690 1892 ni-

429 1913 529 1957 mio
557 1913 715 1957 omnia
737 1913 921 1958 ridendi
940 1913 1119 1962 studio;
1154 1923 1259 1958 tum
1281 1913 1416 1972 quod
1447 1912 1488 1958 8c
1506 1913 1692 1958 animae

427 1976 829 2022 immortalitatem
855 1978 1014 2022 rideat.
1044 1977 1224 2022 Verum
1258 1979 1345 2034 est,
1379 1993 1477 2022 non
1505 1978 1688 2038 semper

429 2041 633 2086 sufficere
651 2076 662 2096 ‚
694 2043 918 2087 vitiorum
941 2052 1127 2086 tantum
1148 2042 1494 2102 turpitudinem
1513 2058 1691 2103 propo·-

430 2121 561 2156 nere„
580 2107 659 2150 nisi
674 2106 713 2150 8<
728 2108 960 2151 virtutum
974 2106 1163 2151 laudem
1180 2106 1379 2151 subinde
1397 2107 1554 2152 addas:
1574 2122 1687 2153 nam

431 2182 486 2214 ut
504 2172 716 2216 avaritiae
731 2171 882 2216 sordes
897 2205 908 2227 ,
930 2171 1158 2216 ebrietatis
1173 2171 1438 2216 deformitas
1450 2205 1463 2227 ,
1482 2172 1688 2216 rixarum

433 2235 495 2279 de
522 2236 659 2280 rebus
696 2236 832 2280 nauci
863 2238 937 2280 vel
965 2236 1148 2281 incertis
1176 2236 1393 2292 stultitia,
1426 2236 1686 2295 similiaque

431 2301 533 2345 satis
559 2301 922 2364 impugnantur,
956 2302 1048 2345 sola
1079 2317 1238 2345 earum
1264 2299 1558 2345 deformitate
1577 2316 1691 2360 pro-

431 2366 693 2425 pofita21ta
713 2379 869 2411 tamen
887 2381 1192 2437 impuro-'rum
1201 2381 1416 2409 amorum
1436 2363 1688 2425 turpitudo

432 2445 533 2474 non
560 2430 728 2475 eodem
752 2430 899 2475 modo
921 2430 964 2474 se
985 2430 1082 2473 erui
1103 2445 1160 2473 ex
1183 2429 1413 2474 iuvenum
1429 2429 1591 2474 animis
1609 2444 1690 2488 pa-

434 2494 576 2550 titur,
598 2495 726 2539 nuda
744 2495 964 2539 illorum
954 2494 1153 2557 imagine
1172 2493 1432 2566 proposita,
1453 2509 1602 2553 eaque
1620 2508 1688 2537 τε·

432 2559 663 2619 velando,
697 2575 819 2622 quae
843 2570 1008 2605 natura
1030 2559 1123 2620 ipsa
1151 2559 1245 2623 tegi
1276 2558 1472 2622 flagitat3
1509 2557 1629 2619 quin
1657 2556 1693 2604 ii
