1775 3383
439 260 521 294 κη
705 246 809 293 DE
847 244 1188 304 AETATE,
1231 249 1412 295 VITA

437 368 542 402 tum
579 351 748 402 directe
780 355 821 401 8c
848 355 1000 402 valide
1036 358 1294 420 impugnat.
1337 358 1416 403 De
1445 358 1688 408 Athei-smo

436 433 595 466 autem
614 420 876 466 videbimus
896 421 944 465 in
972 420 1109 485 fine]

503 484 656 551 Quod
685 486 715 530 fi
746 486 805 530 ad
838 485 1074 546 Physlcam
1111 484 1150 530 8c
1188 487 1566 534 Mathematicam
1602 505 1688 535 nos

437 562 784 604 convertamus,
820 552 970 612 pergit
1005 551 1205 610 Zvinger.
1232 552 1336 611 plus
1364 553 1498 611 quod
1524 554 1688 599 laude-

436 630 559 668 mus,
574 630 718 672 quam
737 615 1150 674 rep1·ehendamu5‚
1173 615 1259 660 sese
1282 616 1482 661 obiiciet.
1506 618 1689 678 [Immo

436 677 487 720 in
509 679 841 724 mathematicis
861 696 1026 738 parum
1045 679 1273 724 versatum
1295 679 1423 726 fuiffe
1437 714 1449 736 ,
1468 682 1591 728 bene
1604 683 1687 727 ali-

434 743 622 800 quoties
647 744 975 789 demonstravit
998 744 1144 788 Solan.
1167 744 1217 788 in
1238 744 1358 789 notis
1388 761 1562 792 errores
1591 746 1688 792 eius

432 805 688 870 indicans]

500 871 555 915 In
585 871 789 931 praeficis
811 885 969 918 autem
986 907 998 929 ,
1035 874 1095 918 ait
1120 872 1387 933 Zvingerus‚
1424 874 1688 932 habitibus,

433 937 582 980 maior
603 937 662 980 est
679 938 814 997 ipsius
832 938 1109 999 praestantia.
1130 938 1318 983 Ethicus
1336 938 1448 995 fuit,
1468 939 1687 984 minime-

431 1016 530 1058 que
553 1001 674 1045 deses
693 1002 892 1047 veritatis
913 1001 953 1048 86
971 1002 1151 1047 virtutis
1169 1000 1385 1053 festaton
1418 1003 1498 1048 sed
1516 1003 1556 1048 Sc
1573 1004 1686 1049 alios

432 1063 558 1108 secus
583 1080 767 1127 agentes
794 1084 842 1111 re
868 1066 907 1111 &⁴
938 1069 1114 1112 calamo
1145 1067 1362 1112 acerrime
1391 1068 1452 1112 est
1474 1068 1687 1128 persecu-

430 1139 506 1172 tus
521 1162 533 1183 ,
558 1141 612 1173 ut
634 1131 690 1175 ab
705 1132 924 1191 'antiquis
944 1133 1140 1185 δύσφημος
1161 1135 1228 1176 καὶ
1249 1133 1493 1188 βλάσφημος
1510 1166 1520 1182 ,
1543 1149 1568 1177 a
1590 1133 1688 1178 Vive

430 1191 730 1240 subsannator
747 1195 959 1240 Deorum
979 1195 1018 1240 Sc
1037 1196 1310 1250 hominum,
1333 1196 1390 1240 ab
1407 1196 1578 1256 Erasmo
1600 1199 1686 1240 mi-

431 1257 545 1313 tius,
579 1272 781 1320 nugator
804 1260 1013 1315 festivus,
1050 1261 1184 1319 quod
1217 1260 1430 1305 ludendo
1462 1261 1684 1306 acerbita—

429 1332 526 1366 tem
547 1318 688 1368 animi
708 1341 794 1369 ceu
817 1327 923 1370 velo
945 1325 1158 1370 obdufio
1178 1326 1409 1369 occultare
1430 1324 1584 1381 sciret,
1605 1341 1686 1370 co-

427 1389 794 1448 gnominaretur.
836 1390 986 1434 Huius
1018 1388 1335 1448 philosophiae
1368 1390 1604 1450 (Ethicae)
1639 1389 1686 1434 se

426 1452 755 1498 admiratorem
774 1453 902 1499 fuisse
933 1452 972 1497 8c
999 1451 1265 1498 sectatorem
1282 1487 1294 1507 ‚
1326 1454 1418 1513 ipse
1447 1453 1618 1499 fatetur
1638 1453 1686 1499 in

424 1515 546 1562 Dial.
581 1517 837 1578 Piscatoris,
876 1517 960 1562 ubi
991 1517 1155 1578 apertis
1192 1518 1345 1562 verbis
1378 1518 1683 1580 interroganti

422 1579 746 1641 Philosophiae
773 1582 1046 1643 profitetur,
1085 1581 1264 1626 duarum
1297 1584 1457 1626 artium
1469 1582 1523 1642 se
1537 1583 1688 1643 scien-

424 1656 509 1689 tem
536 1646 635 1706 ff,
661 1648 848 1691 Amandi
872 1649 1097 1693 virtutem,
1133 1648 1174 1690 d,-
1199 1647 1303 1691 Odio
1327 1647 1601 1709 prosequendi
1617 1649 1683 1694 vi·-

423 1712 501 1754 tz'a.
529 1709 816 1755 Saeviffimus
847 1723 1004 1755 autem
1026 1709 1237 1755 adversus
1260 1711 1564 1770 philosophos
1591 1709 1683 1756 fuit

423 1774 656 1819 virtutum
682 1777 874 1820 nomine
896 1776 1140 1820 abutentes
1154 1809 1166 1830 ‚
1188 1775 1271 1834 qui
1292 1775 1463 1820 summi
1481 1775 1596 1820 boni
1614 1776 1684 1820 vi-

421 1854 478 1883 ce
498 1838 752 1896 honorem,
773 1841 956 1884 lucrum
972 1873 984 1894 ,
1004 1840 1303 1899 voluptatem
1324 1839 1560 1884 luxuriose
1583 1857 1686 1885 am-

418 1902 580 1947 birent
593 1937 606 1958 ,
633 1904 884 1949 effeminati
902 1904 1035 1948 mimi
1054 1904 1188 1949 instar
1205 1904 1438 1949 Achillem
1456 1905 1533 1949 vel
1552 1904 1684 1948 The-

420 1966 552 2012 seum
574 1969 890 2028 exprimerent
905 2003 916 2023 ‚
940 1968 1127 2013 leonina
1154 1970 1276 2028 pelle
1298 1969 1454 2013 induti
1469 2003 1481 2024 ‚
1502 1968 1562 2012 ad
1585 1968 1683 2013 Cu-

420 2033 549 2077 mani
577 2033 685 2077 alini
711 2034 984 2093 exemplum
999 2066 1010 2087 ,
1037 2033 1177 2077 barba
1197 2034 1424 2077 nimirum
1439 2067 1452 2088 ‚
1476 2031 1649 2078 inceffu
1663 2066 1680 2089 ,

417 2097 620 2141 induvio
635 2132 647 2152 ,
663 2097 1003 2157 philosophiam
1019 2097 1206 2142 mentiri
1222 2097 1384 2142 infami
1398 2097 1551 2142 studio
1569 2113 1681 2142 con-

419 2161 685 2207 tenderent.

491 2226 608 2272 Γένει
620 2227 842 2285 equidem
855 2227 914 2272 ad
925 2227 1319 2286 proscindendam
1336 2226 1679 2288 philosophiam

418 2290 595 2336 invidia
625 2292 860 2336 Plutarchi
896 2292 1223 2337 Chaeronenfis
1257 2291 1513 2352 impulsu-m
1547 2289 1677 2336 fuisse

418 2355 598 2410 scribit,
629 2373 774 2415 quern
801 2357 849 2400 in
876 2373 1048 2419 magno
1068 2359 1246 2402 honore
1267 2355 1352 2401 effe
1370 2355 1499 2416 apud
1517 2355 1676 2399 Traia-

417 2436 537 2466 num
553 2420 787 2465 Caesarem
804 2421 973 2465 invitus
992 2421 1032 2466 Sc
1047 2421 1209 2466 dolens
1225 2420 1414 2466 vidisset.
1435 2418 1536 2483 [sed
1555 2431 1674 2464 errat

417 2484 565 2534 Vives,
587 2496 641 2529 ut
665 2485 841 2547 Voffius,
866 2486 967 2547 post
986 2501 1152 2548 paucas
1163 2486 1349 2549 paginas
1380 2483 1674 2548 allegandus,

421 2548 663 2608 ostendit]
