<?xml version="1.0" encoding="UTF-8"?>
<!DOCTYPE html PUBLIC "-//W3C//DTD XHTML 1.0 Transitional//EN"
    "http://www.w3.org/TR/xhtml1/DTD/xhtml1-transitional.dtd">
<html xmlns="http://www.w3.org/1999/xhtml" xml:lang="en" lang="en">
 <head>
  <title>
</title>
<meta http-equiv="Content-Type" content="text/html;charset=utf-8" />
  <meta name='ocr-system' content='tesseract 3.04.00' />
  <meta name='ocr-capabilities' content='ocr_page ocr_carea ocr_par ocr_line ocrx_word'/>
</head>
<body>
  <div class='ocr_page' id='page_1' title='image "./operagraeceetlat01luciuoft_0352.png"; bbox 0 0 1737 3378; ppageno 0'>
   <div class='ocr_carea' id='block_1_1' title="bbox 419 189 1487 256">
    <p class='ocr_par' dir='ltr' id='par_1_1' title="bbox 419 189 1487 256">
     <span class='ocr_line' id='line_1_1' title="bbox 419 189 1487 256; baseline 0.006 -20"><span class='ocrx_word' id='word_1_1' title='bbox 419 211 514 256; x_wconf 77' lang='lat'>224</span> <span class='ocrx_word' id='word_1_2' title='bbox 621 189 1487 242; x_wconf 83' lang='lat' dir='ltr'><strong>ANNOTATIONES</strong></span> 
     </span>
    </p>
   </div>
   <div class='ocr_carea' id='block_1_2' title="bbox 415 275 1691 654">
    <p class='ocr_par' dir='ltr' id='par_1_2' title="bbox 415 275 1691 438">
     <span class='ocr_line' id='line_1_2' title="bbox 420 275 1691 338; baseline 0.005 -21"><span class='ocrx_word' id='word_1_3' title='bbox 420 293 516 326; x_wconf 84' lang='lat'>1041</span> <span class='ocrx_word' id='word_1_4' title='bbox 534 306 545 323; x_wconf 85' lang='lat'>‚</span> <span class='ocrx_word' id='word_1_5' title='bbox 579 276 699 326; x_wconf 82' lang='lat'>1176,</span> <span class='ocrx_word' id='word_1_6' title='bbox 720 276 820 317; x_wconf 90' lang='lat' dir='ltr'>Oed.</span> <span class='ocrx_word' id='word_1_7' title='bbox 846 275 935 317; x_wconf 89' lang='lat' dir='ltr'>Col.</span> <span class='ocrx_word' id='word_1_8' title='bbox 958 290 1058 329; x_wconf 84' lang='lat'>425,</span> <span class='ocrx_word' id='word_1_9' title='bbox 1080 277 1204 319; x_wconf 88' lang='lat' dir='ltr'>Dion.</span> <span class='ocrx_word' id='word_1_10' title='bbox 1224 278 1312 318; x_wconf 88' lang='lat' dir='ltr'>Hal.</span> <span class='ocrx_word' id='word_1_11' title='bbox 1337 279 1406 333; x_wconf 88' lang='lat' dir='ltr'>Ep.</span> <span class='ocrx_word' id='word_1_12' title='bbox 1429 281 1476 320; x_wconf 89' lang='lat' dir='ltr'>ad</span> <span class='ocrx_word' id='word_1_13' title='bbox 1496 281 1630 337; x_wconf 86' lang='lat' dir='ltr'><strong>Pomp.</strong></span> <span class='ocrx_word' id='word_1_14' title='bbox 1649 292 1691 338; x_wconf 77' lang='lat' dir='ltr'>p:</span> 
     </span>
     <span class='ocr_line' id='line_1_3' title="bbox 419 331 1690 391; baseline 0.006 -21"><span class='ocrx_word' id='word_1_15' title='bbox 419 347 439 370; x_wconf 86' lang='lat'>1</span> <span class='ocrx_word' id='word_1_16' title='bbox 449 346 509 382; x_wconf 87' lang='lat'>29.</span> <span class='ocrx_word' id='word_1_17' title='bbox 526 331 712 384; x_wconf 82' lang='lat' dir='ltr'>Exempla</span> <span class='ocrx_word' id='word_1_18' title='bbox 728 343 842 378; x_wconf 90' lang='lat' dir='ltr'>vero,</span> <span class='ocrx_word' id='word_1_19' title='bbox 855 331 921 369; x_wconf 90' lang='lat' dir='ltr'>ubi</span> <span class='ocrx_word' id='word_1_20' title='bbox 938 345 1003 370; x_wconf 88' lang='grc' dir='ltr'><strong><em>του</em></strong></span> <span class='ocrx_word' id='word_1_21' title='bbox 1018 331 1058 371; x_wconf 86' lang='lat'>&amp;</span> <span class='ocrx_word' id='word_1_22' title='bbox 1075 347 1128 382; x_wconf 81' lang='grc' dir='ltr'><strong><em>τῳ</em></strong></span> <span class='ocrx_word' id='word_1_23' title='bbox 1141 331 1214 371; x_wconf 76' lang='lat' dir='ltr'>sint</span> <span class='ocrx_word' id='word_1_24' title='bbox 1228 333 1430 381; x_wconf 87' lang='lat' dir='ltr'>enclitica,</span> <span class='ocrx_word' id='word_1_25' title='bbox 1450 335 1571 377; x_wconf 86' lang='lat' dir='ltr'>multa</span> <span class='ocrx_word' id='word_1_26' title='bbox 1584 349 1690 391; x_wconf 51' lang='lat' dir='ltr'>quoq</span> 
     </span>
     <span class='ocr_line' id='line_1_4' title="bbox 415 383 1006 438; baseline 0 -14"><span class='ocrx_word' id='word_1_27' title='bbox 415 398 494 438; x_wconf 84' lang='lat' dir='ltr'>que</span> <span class='ocrx_word' id='word_1_28' title='bbox 518 383 707 437; x_wconf 72' lang='lat' dir='ltr'>praemisit</span> <span class='ocrx_word' id='word_1_29' title='bbox 727 385 837 424; x_wconf 85' lang='lat' dir='ltr'>idern.</span> <span class='ocrx_word' id='word_1_30' title='bbox 861 385 1006 424; x_wconf 68' lang='lat' dir='ltr'>RHTZ.</span> 
     </span>
    </p>

    <p class='ocr_par' dir='ltr' id='par_1_3' title="bbox 416 438 1690 654">
     <span class='ocr_line' id='line_1_5' title="bbox 472 438 1690 496; baseline 0.005 -19"><span class='ocrx_word' id='word_1_31' title='bbox 472 441 546 478; x_wconf 72' lang='lat' dir='ltr'>ead.</span> <span class='ocrx_word' id='word_1_32' title='bbox 567 440 592 479; x_wconf 86' lang='lat' dir='ltr'>l.</span> <span class='ocrx_word' id='word_1_33' title='bbox 617 453 675 492; x_wconf 84' lang='lat'>13.</span> <span class='ocrx_word' id='word_1_34' title='bbox 696 439 870 491; x_wconf 84' lang='grc' dir='ltr'><strong><em>Πυτιοιι.)</em></strong></span> <span class='ocrx_word' id='word_1_35' title='bbox 887 438 1062 492; x_wconf 79' lang='lat' dir='ltr'>Castigo:</span> <span class='ocrx_word' id='word_1_36' title='bbox 1085 439 1393 491; x_wconf 68' lang='grc' dir='ltr'>πιτυοκάμπτας</span> <span class='ocrx_word' id='word_1_37' title='bbox 1413 441 1477 481; x_wconf 73' lang='grc' dir='ltr'>καὶ</span> <span class='ocrx_word' id='word_1_38' title='bbox 1490 442 1690 496; x_wconf 63' lang='grc' dir='ltr'><strong><em>τραγελάᾰ</em></strong></span> 
     </span>
     <span class='ocr_line' id='line_1_6' title="bbox 417 492 1688 545; baseline 0.004 -14"><span class='ocrx_word' id='word_1_39' title='bbox 417 506 521 542; x_wconf 72' lang='grc' dir='ltr'><strong><em>φους,</em></strong></span> <span class='ocrx_word' id='word_1_40' title='bbox 546 493 622 533; x_wconf 89' lang='lat' dir='ltr'>hoc</span> <span class='ocrx_word' id='word_1_41' title='bbox 643 492 695 532; x_wconf 86' lang='lat' dir='ltr'>est</span> <span class='ocrx_word' id='word_1_42' title='bbox 709 523 722 540; x_wconf 92' lang='lat'>,</span> <span class='ocrx_word' id='word_1_43' title='bbox 743 495 886 545; x_wconf 74' lang='lat' dir='ltr'>monstra</span> <span class='ocrx_word' id='word_1_44' title='bbox 907 499 1080 544; x_wconf 54' lang='lat' dir='ltr'>quat-dam.</span> <span class='ocrx_word' id='word_1_45' title='bbox 1105 494 1245 533; x_wconf 89' lang='lat' dir='ltr'><strong>BROD.</strong></span> <span class='ocrx_word' id='word_1_46' title='bbox 1266 495 1418 534; x_wconf 78' lang='lat' dir='ltr'>Firmum</span> <span class='ocrx_word' id='word_1_47' title='bbox 1438 497 1688 536; x_wconf 74' lang='lat' dir='ltr'>incurvatam.-</span> 
     </span>
     <span class='ocr_line' id='line_1_7' title="bbox 416 546 1690 600; baseline 0.002 -14"><span class='ocrx_word' id='word_1_48' title='bbox 416 560 500 599; x_wconf 88' lang='lat' dir='ltr'>quo</span> <span class='ocrx_word' id='word_1_49' title='bbox 513 548 668 586; x_wconf 85' lang='lat' dir='ltr'>nomine</span> <span class='ocrx_word' id='word_1_50' title='bbox 683 548 800 587; x_wconf 88' lang='lat' dir='ltr'>Scinis</span> <span class='ocrx_word' id='word_1_51' title='bbox 814 547 1022 600; x_wconf 84' lang='lat' dir='ltr'>appellatus</span> <span class='ocrx_word' id='word_1_52' title='bbox 1039 546 1114 586; x_wconf 86' lang='lat' dir='ltr'>fuit</span> <span class='ocrx_word' id='word_1_53' title='bbox 1124 577 1134 592; x_wconf 79' lang='grc'><em>,</em></span> <span class='ocrx_word' id='word_1_54' title='bbox 1159 560 1274 600; x_wconf 87' lang='lat' dir='ltr'>quem</span> <span class='ocrx_word' id='word_1_55' title='bbox 1290 549 1430 588; x_wconf 82' lang='lat' dir='ltr'>occidit</span> <span class='ocrx_word' id='word_1_56' title='bbox 1444 549 1618 589; x_wconf 82' lang='lat' dir='ltr'>Theseus</span> <span class='ocrx_word' id='word_1_57' title='bbox 1631 552 1690 589; x_wconf 87' lang='lat' dir='ltr'>in-</span> 
     </span>
     <span class='ocr_line' id='line_1_8' title="bbox 416 600 1688 654; baseline 0.003 -15"><span class='ocrx_word' id='word_1_58' title='bbox 416 613 647 640; x_wconf 80' lang='lat' dir='ltr'>curvantem</span> <span class='ocrx_word' id='word_1_59' title='bbox 668 602 796 654; x_wconf 77' lang='lat' dir='ltr'>pinus,</span> <span class='ocrx_word' id='word_1_60' title='bbox 816 600 857 639; x_wconf 87' lang='lat'>&amp;</span> <span class='ocrx_word' id='word_1_61' title='bbox 870 613 918 640; x_wconf 83' lang='lat' dir='ltr'>ex</span> <span class='ocrx_word' id='word_1_62' title='bbox 942 602 983 640; x_wconf 88' lang='lat' dir='ltr'>iis</span> <span class='ocrx_word' id='word_1_63' title='bbox 999 601 1170 653; x_wconf 85' lang='lat' dir='ltr'>alligatos</span> <span class='ocrx_word' id='word_1_64' title='bbox 1190 602 1362 642; x_wconf 88' lang='lat' dir='ltr'>homines</span> <span class='ocrx_word' id='word_1_65' title='bbox 1375 633 1384 650; x_wconf 94' lang='lat'><strong>‚</strong></span> <span class='ocrx_word' id='word_1_66' title='bbox 1405 602 1446 642; x_wconf 88' lang='lat'>&amp;</span> <span class='ocrx_word' id='word_1_67' title='bbox 1471 603 1507 643; x_wconf 86' lang='lat' dir='ltr'>in</span> <span class='ocrx_word' id='word_1_68' title='bbox 1529 602 1688 644; x_wconf 88' lang='lat' dir='ltr'>sublime</span> 
     </span>
    </p>
   </div>
   <div class='ocr_carea' id='block_1_3' title="bbox 343 654 1688 705">
    <p class='ocr_par' dir='ltr' id='par_1_4' title="bbox 343 654 1688 705">
     <span class='ocr_line' id='line_1_9' title="bbox 343 654 1688 705; baseline 0.002 -11"><span class='ocrx_word' id='word_1_69' title='bbox 343 672 356 678; x_wconf 52' lang='lat'>⁸</span> <span class='ocrx_word' id='word_1_70' title='bbox 417 654 572 694; x_wconf 86' lang='lat' dir='ltr'>cmissos</span> <span class='ocrx_word' id='word_1_71' title='bbox 605 655 856 694; x_wconf 81' lang='lat' dir='ltr'><strong>dilaniantem.</strong></span> <span class='ocrx_word' id='word_1_72' title='bbox 887 654 1057 694; x_wconf 83' lang='lat' dir='ltr'>Eundem</span> <span class='ocrx_word' id='word_1_73' title='bbox 1085 657 1384 705; x_wconf 70' lang='grc' dir='ltr'>πιτυοκάμπτην</span> <span class='ocrx_word' id='word_1_74' title='bbox 1415 667 1531 697; x_wconf 81' lang='lat' dir='ltr'>vocat</span> <span class='ocrx_word' id='word_1_75' title='bbox 1561 658 1624 696; x_wconf 86' lang='lat' dir='ltr'>lib.</span> <span class='ocrx_word' id='word_1_76' title='bbox 1648 657 1688 698; x_wconf 92' lang='lat'>11</span> 
     </span>
    </p>
   </div>
   <div class='ocr_carea' id='block_1_4' title="bbox 413 708 1737 2490">
    <p class='ocr_par' dir='ltr' id='par_1_5' title="bbox 417 708 1733 1569">
     <span class='ocr_line' id='line_1_10' title="bbox 418 708 1691 761; baseline 0.001 -13"><span class='ocrx_word' id='word_1_77' title='bbox 418 709 514 748; x_wconf 89' lang='lat' dir='ltr'>Ver.</span> <span class='ocrx_word' id='word_1_78' title='bbox 535 709 631 748; x_wconf 82' lang='lat' dir='ltr'>Hist.</span> <span class='ocrx_word' id='word_1_79' title='bbox 653 708 800 748; x_wconf 55' lang='lat'>(200⁸.</span> <span class='ocrx_word' id='word_1_80' title='bbox 820 708 1117 761; x_wconf 63' lang='grc' dir='ltr'>Ἱπποκιέιμπας)</span> <span class='ocrx_word' id='word_1_81' title='bbox 1133 709 1350 761; x_wconf 87' lang='lat' dir='ltr'>Legebatur</span> <span class='ocrx_word' id='word_1_82' title='bbox 1371 710 1532 751; x_wconf 88' lang='lat' dir='ltr'>antehac</span> <span class='ocrx_word' id='word_1_83' title='bbox 1554 725 1691 750; x_wconf 74' lang='grc' dir='ltr'><strong><em>πιτυο-</em></strong></span> 
     </span>
     <span class='ocr_line' id='line_1_11' title="bbox 418 762 1688 817; baseline 0.002 -15"><span class='ocrx_word' id='word_1_84' title='bbox 418 765 628 812; x_wconf 69' lang='grc' dir='ltr'><strong><em>κάμπτας,</em></strong></span> <span class='ocrx_word' id='word_1_85' title='bbox 651 775 695 801; x_wconf 91' lang='lat' dir='ltr'>ut</span> <span class='ocrx_word' id='word_1_86' title='bbox 718 764 756 802; x_wconf 72' lang='grc' dir='ltr'>ὰ.</span> <span class='ocrx_word' id='word_1_87' title='bbox 777 762 850 802; x_wconf 66' lang='lat' dir='ltr'>ier.</span> <span class='ocrx_word' id='word_1_88' title='bbox 867 763 903 807; x_wconf 77' lang='grc' dir='ltr'>β.</span> <span class='ocrx_word' id='word_1_89' title='bbox 921 775 954 801; x_wconf 91' lang='lat' dir='ltr'>c.</span> <span class='ocrx_word' id='word_1_90' title='bbox 979 777 1040 813; x_wconf 88' lang='lat'>25.</span> <span class='ocrx_word' id='word_1_91' title='bbox 1058 763 1140 815; x_wconf 76' lang='lat' dir='ltr'>(vel</span> <span class='ocrx_word' id='word_1_92' title='bbox 1157 764 1336 803; x_wconf 85' lang='lat' dir='ltr'>mendose</span> <span class='ocrx_word' id='word_1_93' title='bbox 1351 764 1566 817; x_wconf 83' lang='grc' dir='ltr'><strong><em>Πυτιοιι-)</em></strong></span> <span class='ocrx_word' id='word_1_94' title='bbox 1581 764 1688 817; x_wconf 89' lang='lat' dir='ltr'>quod</span> 
     </span>
     <span class='ocr_line' id='line_1_12' title="bbox 419 815 1691 870; baseline 0.002 -14"><span class='ocrx_word' id='word_1_95' title='bbox 419 817 497 856; x_wconf 86' lang='lat' dir='ltr'>huc</span> <span class='ocrx_word' id='word_1_96' title='bbox 520 829 601 856; x_wconf 90' lang='lat' dir='ltr'>non</span> <span class='ocrx_word' id='word_1_97' title='bbox 622 816 722 856; x_wconf 80' lang='lat' dir='ltr'>facit.</span> <span class='ocrx_word' id='word_1_98' title='bbox 741 831 780 855; x_wconf 89' lang='lat' dir='ltr'>v.</span> <span class='ocrx_word' id='word_1_99' title='bbox 801 815 985 868; x_wconf 92' lang='lat' dir='ltr'>Apollod.</span> <span class='ocrx_word' id='word_1_100' title='bbox 1006 815 1071 855; x_wconf 85' lang='lat'>111.</span> <span class='ocrx_word' id='word_1_101' title='bbox 1088 817 1129 855; x_wconf 95' lang='lat' dir='ltr'>L.</span> <span class='ocrx_word' id='word_1_102' title='bbox 1145 817 1254 856; x_wconf 87' lang='lat' dir='ltr'>aliam</span> <span class='ocrx_word' id='word_1_103' title='bbox 1270 816 1497 870; x_wconf 83' lang='lat' dir='ltr'>scripturam</span> <span class='ocrx_word' id='word_1_104' title='bbox 1512 819 1691 870; x_wconf 86' lang='lat' dir='ltr'>exhibet,</span> 
     </span>
     <span class='ocr_line' id='line_1_13' title="bbox 417 868 1688 922; baseline 0.003 -14"><span class='ocrx_word' id='word_1_105' title='bbox 417 870 486 909; x_wconf 80' lang='lat' dir='ltr'>nili</span> <span class='ocrx_word' id='word_1_106' title='bbox 508 871 614 922; x_wconf 89' lang='lat' dir='ltr'>quod</span> <span class='ocrx_word' id='word_1_107' title='bbox 628 870 700 909; x_wconf 85' lang='lat' dir='ltr'>illic</span> <span class='ocrx_word' id='word_1_108' title='bbox 720 868 938 920; x_wconf 71' lang='grc' dir='ltr'><strong><em>ἱ-Ιιοττοις,</em></strong></span> <span class='ocrx_word' id='word_1_109' title='bbox 960 870 1112 922; x_wconf 86' lang='lat' dir='ltr'>legitur.</span> <span class='ocrx_word' id='word_1_110' title='bbox 1131 868 1177 908; x_wconf 89' lang='lat' dir='ltr'>In</span> <span class='ocrx_word' id='word_1_111' title='bbox 1190 870 1268 910; x_wconf 86' lang='lat' dir='ltr'>Ox.</span> <span class='ocrx_word' id='word_1_112' title='bbox 1282 884 1380 910; x_wconf 86' lang='lat' dir='ltr'>vero</span> <span class='ocrx_word' id='word_1_113' title='bbox 1396 873 1688 920; x_wconf 74' lang='grc' dir='ltr'><strong><em>πιτυοκάμπας.</em></strong></span> 
     </span>
     <span class='ocr_line' id='line_1_14' title="bbox 418 923 1690 980; baseline 0.002 -18"><span class='ocrx_word' id='word_1_114' title='bbox 418 923 486 963; x_wconf 91' lang='lat' dir='ltr'>De</span> <span class='ocrx_word' id='word_1_115' title='bbox 504 923 562 963; x_wconf 90' lang='lat' dir='ltr'>his</span> <span class='ocrx_word' id='word_1_116' title='bbox 580 924 738 964; x_wconf 83' lang='lat' dir='ltr'>consule</span> <span class='ocrx_word' id='word_1_117' title='bbox 757 924 896 976; x_wconf 86' lang='lat' dir='ltr'>Spanh.</span> <span class='ocrx_word' id='word_1_118' title='bbox 923 924 964 963; x_wconf 68' lang='grc' dir='ltr'>δι</span> <span class='ocrx_word' id='word_1_119' title='bbox 982 924 1133 963; x_wconf 85' lang='lat' dir='ltr'>Aelian.</span> <span class='ocrx_word' id='word_1_120' title='bbox 1154 924 1200 963; x_wconf 93' lang='lat' dir='ltr'>de</span> <span class='ocrx_word' id='word_1_121' title='bbox 1220 924 1297 963; x_wconf 91' lang='lat' dir='ltr'>An.</span> <span class='ocrx_word' id='word_1_122' title='bbox 1321 924 1435 971; x_wconf 88' lang='lat' dir='ltr'>XIV,</span> <span class='ocrx_word' id='word_1_123' title='bbox 1457 938 1518 965; x_wconf 91' lang='lat'>20.</span> <span class='ocrx_word' id='word_1_124' title='bbox 1537 925 1615 980; x_wconf 87' lang='lat' dir='ltr'>Hip</span> <span class='ocrx_word' id='word_1_125' title='bbox 1672 950 1690 960; x_wconf 90' lang='lat'>-</span> 
     </span>
     <span class='ocr_line' id='line_1_15' title="bbox 417 976 1689 1031; baseline 0.002 -14"><span class='ocrx_word' id='word_1_126' title='bbox 417 991 577 1030; x_wconf 82' lang='lat' dir='ltr'>campos</span> <span class='ocrx_word' id='word_1_127' title='bbox 598 979 638 1016; x_wconf 88' lang='lat' dir='ltr'>in</span> <span class='ocrx_word' id='word_1_128' title='bbox 654 978 892 1029; x_wconf 78' lang='lat' dir='ltr'>Imaginibus</span> <span class='ocrx_word' id='word_1_129' title='bbox 904 976 1075 1017; x_wconf 84' lang='lat' dir='ltr'>describit</span> <span class='ocrx_word' id='word_1_130' title='bbox 1089 976 1337 1018; x_wconf 84' lang='lat' dir='ltr'>Philostratus</span> <span class='ocrx_word' id='word_1_131' title='bbox 1360 978 1429 1017; x_wconf 79' lang='grc' dir='ltr'>εὶκ.</span> <span class='ocrx_word' id='word_1_132' title='bbox 1449 991 1485 1031; x_wconf 88' lang='lat' dir='ltr'>p.</span> <span class='ocrx_word' id='word_1_133' title='bbox 1500 992 1593 1028; x_wconf 88' lang='lat'><strong>774.</strong></span> <span class='ocrx_word' id='word_1_134' title='bbox 1628 979 1689 1020; x_wconf 90' lang='lat' dir='ltr'>lo·</span> 
     </span>
     <span class='ocr_line' id='line_1_16' title="bbox 418 1031 1692 1085; baseline 0.002 -15"><span class='ocrx_word' id='word_1_135' title='bbox 418 1044 510 1070; x_wconf 91' lang='lat' dir='ltr'>cum</span> <span class='ocrx_word' id='word_1_136' title='bbox 530 1031 652 1085; x_wconf 86' lang='lat' dir='ltr'>ipsum</span> <span class='ocrx_word' id='word_1_137' title='bbox 675 1033 761 1070; x_wconf 86' lang='lat' dir='ltr'>vide</span> <span class='ocrx_word' id='word_1_138' title='bbox 777 1033 823 1069; x_wconf 87' lang='lat' dir='ltr'>ad</span> <span class='ocrx_word' id='word_1_139' title='bbox 841 1032 867 1070; x_wconf 76' lang='grc' dir='ltr'>ἑ.</span> <span class='ocrx_word' id='word_1_140' title='bbox 888 1031 926 1070; x_wconf 62' lang='grc' dir='ltr'>ὃ.</span> <span class='ocrx_word' id='word_1_141' title='bbox 941 1032 1039 1084; x_wconf 82' lang='lat' dir='ltr'>Vl.)</span> <span class='ocrx_word' id='word_1_142' title='bbox 1057 1032 1154 1070; x_wconf 87' lang='lat' dir='ltr'>Vide</span> <span class='ocrx_word' id='word_1_143' title='bbox 1170 1032 1210 1071; x_wconf 89' lang='lat'>&amp;</span> <span class='ocrx_word' id='word_1_144' title='bbox 1225 1045 1259 1084; x_wconf 90' lang='lat' dir='ltr'>p.</span> <span class='ocrx_word' id='word_1_145' title='bbox 1274 1045 1352 1084; x_wconf 88' lang='lat'>729</span> <span class='ocrx_word' id='word_1_146' title='bbox 1368 1063 1379 1081; x_wconf 91' lang='lat'><strong>,</strong></span> <span class='ocrx_word' id='word_1_147' title='bbox 1398 1033 1484 1080; x_wconf 83' lang='lat' dir='ltr'>ubi,</span> <span class='ocrx_word' id='word_1_148' title='bbox 1505 1045 1554 1072; x_wconf 83' lang='lat' dir='ltr'>ex</span> <span class='ocrx_word' id='word_1_149' title='bbox 1575 1045 1692 1078; x_wconf 61' lang='lat' dir='ltr'>num,-</span> 
     </span>
     <span class='ocr_line' id='line_1_17' title="bbox 419 1084 1691 1139; baseline 0.002 -15"><span class='ocrx_word' id='word_1_150' title='bbox 419 1086 516 1132; x_wconf 87' lang='lat' dir='ltr'>mis‚</span> <span class='ocrx_word' id='word_1_151' title='bbox 536 1087 895 1139; x_wconf 87' lang='lat' dir='ltr'>Hippocamporum</span> <span class='ocrx_word' id='word_1_152' title='bbox 912 1085 952 1124; x_wconf 85' lang='lat'>&amp;</span> <span class='ocrx_word' id='word_1_153' title='bbox 968 1086 1349 1139; x_wconf 85' lang='lat' dir='ltr'>Hippopotamorum</span> <span class='ocrx_word' id='word_1_154' title='bbox 1366 1084 1512 1139; x_wconf 81' lang='lat' dir='ltr'>figuras</span> <span class='ocrx_word' id='word_1_155' title='bbox 1523 1085 1691 1127; x_wconf 70' lang='lat' dir='ltr'>doetiffi-</span> 
     </span>
     <span class='ocr_line' id='line_1_18' title="bbox 419 1139 1692 1193; baseline 0.004 -16"><span class='ocrx_word' id='word_1_156' title='bbox 419 1152 508 1179; x_wconf 86' lang='lat' dir='ltr'>mus</span> <span class='ocrx_word' id='word_1_157' title='bbox 526 1140 610 1179; x_wconf 87' lang='lat' dir='ltr'>eius</span> <span class='ocrx_word' id='word_1_158' title='bbox 630 1141 817 1193; x_wconf 83' lang='lat' dir='ltr'>interpres</span> <span class='ocrx_word' id='word_1_159' title='bbox 837 1139 1001 1178; x_wconf 84' lang='lat' dir='ltr'>exhibet.</span> <span class='ocrx_word' id='word_1_160' title='bbox 1016 1140 1174 1178; x_wconf 81' lang='lat' dir='ltr'>SOLAN.</span> <span class='ocrx_word' id='word_1_161' title='bbox 1189 1139 1368 1179; x_wconf 84' lang='lat' dir='ltr'>Graevio</span> <span class='ocrx_word' id='word_1_162' title='bbox 1382 1140 1692 1190; x_wconf 64' lang='grc' dir='ltr'>πιτυοκάμπτας</span> 
     </span>
     <span class='ocr_line' id='line_1_19' title="bbox 419 1192 1692 1248; baseline 0.002 -16"><span class='ocrx_word' id='word_1_163' title='bbox 419 1194 624 1247; x_wconf 77' lang='lat' dir='ltr'>explicanti</span> <span class='ocrx_word' id='word_1_164' title='bbox 644 1192 863 1233; x_wconf 85' lang='lat' dir='ltr'>Centauros</span> <span class='ocrx_word' id='word_1_165' title='bbox 889 1194 1048 1246; x_wconf 79' lang='lat' dir='ltr'>praeivit</span> <span class='ocrx_word' id='word_1_166' title='bbox 1069 1193 1130 1232; x_wconf 78' lang='lat' dir='ltr'>fr.</span> <span class='ocrx_word' id='word_1_167' title='bbox 1155 1192 1293 1233; x_wconf 86' lang='lat' dir='ltr'>Luifin.</span> <span class='ocrx_word' id='word_1_168' title='bbox 1315 1193 1398 1232; x_wconf 88' lang='lat' dir='ltr'>Par.</span> <span class='ocrx_word' id='word_1_169' title='bbox 1419 1192 1499 1241; x_wconf 86' lang='grc' dir='ltr'>ΙΙΙ,</span> <span class='ocrx_word' id='word_1_170' title='bbox 1522 1206 1606 1248; x_wconf 88' lang='lat' dir='ltr'>cap.</span> <span class='ocrx_word' id='word_1_171' title='bbox 1627 1207 1692 1247; x_wconf 81' lang='lat'>25.</span> 
     </span>
     <span class='ocr_line' id='line_1_20' title="bbox 418 1247 1692 1301; baseline 0.001 -14"><span class='ocrx_word' id='word_1_172' title='bbox 418 1248 529 1300; x_wconf 90' lang='lat' dir='ltr'>quod</span> <span class='ocrx_word' id='word_1_173' title='bbox 548 1247 575 1287; x_wconf 87' lang='lat' dir='ltr'>s1</span> <span class='ocrx_word' id='word_1_174' title='bbox 599 1248 646 1287; x_wconf 86' lang='lat' dir='ltr'>ad</span> <span class='ocrx_word' id='word_1_175' title='bbox 672 1248 861 1301; x_wconf 85' lang='lat' dir='ltr'>liquidum</span> <span class='ocrx_word' id='word_1_176' title='bbox 887 1248 1021 1287; x_wconf 85' lang='lat' dir='ltr'>deduci</span> <span class='ocrx_word' id='word_1_177' title='bbox 1045 1247 1280 1300; x_wconf 83' lang='lat' dir='ltr'>poffet‚rem</span> <span class='ocrx_word' id='word_1_178' title='bbox 1306 1248 1534 1287; x_wconf 88' lang='lat' dir='ltr'>haberemus</span> <span class='ocrx_word' id='word_1_179' title='bbox 1553 1247 1692 1288; x_wconf 87' lang='lat' dir='ltr'>confe-</span> 
     </span>
     <span class='ocr_line' id='line_1_21' title="bbox 417 1300 1691 1355; baseline 0.002 -15"><span class='ocrx_word' id='word_1_180' title='bbox 417 1301 534 1340; x_wconf 64' lang='lat' dir='ltr'>ctam.</span> <span class='ocrx_word' id='word_1_181' title='bbox 559 1303 705 1354; x_wconf 83' lang='lat' dir='ltr'>Negari</span> <span class='ocrx_word' id='word_1_182' title='bbox 728 1302 879 1355; x_wconf 90' lang='lat' dir='ltr'>quidem</span> <span class='ocrx_word' id='word_1_183' title='bbox 905 1314 983 1341; x_wconf 91' lang='lat' dir='ltr'>non</span> <span class='ocrx_word' id='word_1_184' title='bbox 1006 1301 1154 1354; x_wconf 86' lang='lat' dir='ltr'>potest,</span> <span class='ocrx_word' id='word_1_185' title='bbox 1175 1302 1278 1355; x_wconf 86' lang='lat' dir='ltr'>apud</span> <span class='ocrx_word' id='word_1_186' title='bbox 1299 1302 1454 1341; x_wconf 88' lang='lat' dir='ltr'>Suidam</span> <span class='ocrx_word' id='word_1_187' title='bbox 1481 1300 1626 1342; x_wconf 83' lang='lat' dir='ltr'>exstare</span> <span class='ocrx_word' id='word_1_188' title='bbox 1650 1303 1691 1343; x_wconf 85' lang='lat' dir='ltr'>in</span> 
     </span>
     <span class='ocr_line' id='line_1_22' title="bbox 419 1354 1692 1408; baseline 0.001 -14"><span class='ocrx_word' id='word_1_189' title='bbox 419 1357 562 1403; x_wconf 85' lang='grc' dir='ltr'><strong><em>Πίτυς,</em></strong></span> <span class='ocrx_word' id='word_1_190' title='bbox 583 1355 654 1394; x_wconf 67' lang='grc' dir='ltr'>ἕθεν</span> <span class='ocrx_word' id='word_1_191' title='bbox 675 1355 738 1394; x_wconf 58' lang='grc' dir='ltr'>καὶ</span> <span class='ocrx_word' id='word_1_192' title='bbox 763 1357 1054 1406; x_wconf 71' lang='grc' dir='ltr'><strong><em>Πιτυκέιμπτιις</em></strong></span> <span class='ocrx_word' id='word_1_193' title='bbox 1083 1355 1174 1408; x_wconf 93' lang='lat' dir='ltr'>(vel</span> <span class='ocrx_word' id='word_1_194' title='bbox 1200 1356 1351 1408; x_wconf 85' lang='lat' dir='ltr'>potius,</span> <span class='ocrx_word' id='word_1_195' title='bbox 1374 1367 1419 1395; x_wconf 90' lang='lat' dir='ltr'>ut</span> <span class='ocrx_word' id='word_1_196' title='bbox 1439 1354 1589 1395; x_wconf 87' lang='lat' dir='ltr'>Kuster.</span> <span class='ocrx_word' id='word_1_197' title='bbox 1620 1360 1692 1396; x_wconf 87' lang='grc' dir='ltr'>Πι-</span> 
     </span>
     <span class='ocr_line' id='line_1_23' title="bbox 419 1408 1727 1461; baseline 0.002 -13"><span class='ocrx_word' id='word_1_198' title='bbox 419 1409 546 1461; x_wconf 71' lang='grc' dir='ltr'><strong><em>τυοκ.)</em></strong></span> <span class='ocrx_word' id='word_1_199' title='bbox 568 1409 582 1447; x_wconf 81' lang='grc' dir='ltr'><em>ὃ</em></span> <span class='ocrx_word' id='word_1_200' title='bbox 603 1409 817 1461; x_wconf 70' lang='grc' dir='ltr'><strong><em>Κένταυρος·</em></strong></span> <span class='ocrx_word' id='word_1_201' title='bbox 834 1422 972 1448; x_wconf 78' lang='lat' dir='ltr'>verum</span> <span class='ocrx_word' id='word_1_202' title='bbox 991 1410 1046 1448; x_wconf 80' lang='lat' dir='ltr'>his</span> <span class='ocrx_word' id='word_1_203' title='bbox 1059 1409 1100 1448; x_wconf 92' lang='lat' dir='ltr'>in</span> <span class='ocrx_word' id='word_1_204' title='bbox 1117 1410 1234 1448; x_wconf 82' lang='lat' dir='ltr'>rebus</span> <span class='ocrx_word' id='word_1_205' title='bbox 1243 1419 1388 1448; x_wconf 87' lang='lat' dir='ltr'>tantam</span> <span class='ocrx_word' id='word_1_206' title='bbox 1403 1408 1538 1449; x_wconf 88' lang='lat' dir='ltr'>Suidae</span> <span class='ocrx_word' id='word_1_207' title='bbox 1558 1409 1692 1450; x_wconf 75' lang='grc' dir='ltr'><strong><em>ειυᾶο-</em></strong></span> <span class='ocrx_word' id='word_1_208' title='bbox 1724 1456 1727 1458; x_wconf 46' lang='grc'>,</span> 
     </span>
     <span class='ocr_line' id='line_1_24' title="bbox 419 1462 1733 1517; baseline 0.002 -16"><span class='ocrx_word' id='word_1_209' title='bbox 419 1464 571 1502; x_wconf 84' lang='lat' dir='ltr'>ritatem</span> <span class='ocrx_word' id='word_1_210' title='bbox 594 1475 673 1502; x_wconf 86' lang='lat' dir='ltr'>non</span> <span class='ocrx_word' id='word_1_211' title='bbox 695 1462 865 1516; x_wconf 79' lang='lat' dir='ltr'>agnosco</span> <span class='ocrx_word' id='word_1_212' title='bbox 878 1476 988 1516; x_wconf 87' lang='lat' dir='ltr'>,·qua</span> <span class='ocrx_word' id='word_1_213' title='bbox 1003 1463 1081 1502; x_wconf 90' lang='lat' dir='ltr'>sola</span> <span class='ocrx_word' id='word_1_214' title='bbox 1094 1475 1167 1503; x_wconf 90' lang='lat' dir='ltr'>nos</span> <span class='ocrx_word' id='word_1_215' title='bbox 1187 1473 1393 1502; x_wconf 87' lang='lat' dir='ltr'>contentos</span> <span class='ocrx_word' id='word_1_216' title='bbox 1407 1462 1480 1503; x_wconf 84' lang='lat' dir='ltr'>effe</span> <span class='ocrx_word' id='word_1_217' title='bbox 1493 1473 1689 1517; x_wconf 88' lang='lat' dir='ltr'>oporteat.</span> <span class='ocrx_word' id='word_1_218' title='bbox 1724 1473 1733 1513; x_wconf 58' lang='lat' dir='ltr'>J&lt;</span> 
     </span>
     <span class='ocr_line' id='line_1_25' title="bbox 421 1516 1690 1569; baseline 0.002 -14"><span class='ocrx_word' id='word_1_219' title='bbox 421 1516 732 1567; x_wconf 70' lang='grc' dir='ltr'><strong><em>Πιτυοκάμπτιις</em></strong></span> <span class='ocrx_word' id='word_1_220' title='bbox 751 1517 805 1556; x_wconf 87' lang='lat' dir='ltr'>est</span> <span class='ocrx_word' id='word_1_221' title='bbox 822 1517 918 1556; x_wconf 87' lang='lat' dir='ltr'>Sinis</span> <span class='ocrx_word' id='word_1_222' title='bbox 942 1517 1006 1557; x_wconf 91' lang='lat' dir='ltr'>vel</span> <span class='ocrx_word' id='word_1_223' title='bbox 1020 1517 1164 1563; x_wconf 90' lang='lat' dir='ltr'>Sinnis,</span> <span class='ocrx_word' id='word_1_224' title='bbox 1187 1516 1361 1569; x_wconf 60' lang='lat' dir='ltr'>(duetum</span> <span class='ocrx_word' id='word_1_225' title='bbox 1386 1529 1409 1556; x_wconf 87' lang='lat' dir='ltr'>a</span> <span class='ocrx_word' id='word_1_226' title='bbox 1423 1516 1633 1558; x_wconf 85' lang='lat' dir='ltr'>latrociniis</span> <span class='ocrx_word' id='word_1_227' title='bbox 1647 1517 1690 1558; x_wconf 78' lang='grc' dir='ltr'>δε</span> 
     </span>
    </p>

    <p class='ocr_par' dir='ltr' id='par_1_6' title="bbox 422 1570 1691 1624">
     <span class='ocr_line' id='line_1_26' title="bbox 422 1570 1691 1624; baseline 0.001 -14"><span class='ocrx_word' id='word_1_228' title='bbox 422 1571 604 1610; x_wconf 85' lang='lat' dir='ltr'>nocendo</span> <span class='ocrx_word' id='word_1_229' title='bbox 626 1583 790 1620; x_wconf 89' lang='lat' dir='ltr'>nomen,</span> <span class='ocrx_word' id='word_1_230' title='bbox 806 1571 913 1623; x_wconf 88' lang='lat' dir='ltr'>quod</span> <span class='ocrx_word' id='word_1_231' title='bbox 931 1572 1029 1610; x_wconf 90' lang='lat' dir='ltr'>male</span> <span class='ocrx_word' id='word_1_232' title='bbox 1053 1570 1324 1624; x_wconf 89' lang='lat' dir='ltr'>nonnusquam</span> <span class='ocrx_word' id='word_1_233' title='bbox 1342 1571 1455 1610; x_wconf 72' lang='lat' dir='ltr'>seinis</span> <span class='ocrx_word' id='word_1_234' title='bbox 1473 1570 1515 1610; x_wconf 77' lang='grc' dir='ltr'>δι</span> <span class='ocrx_word' id='word_1_235' title='bbox 1538 1581 1691 1624; x_wconf 84' lang='lat' dir='ltr'>praeter</span> 
     </span>
    </p>

    <p class='ocr_par' dir='ltr' id='par_1_7' title="bbox 421 1623 1692 1678">
     <span class='ocr_line' id='line_1_27' title="bbox 421 1623 1692 1678; baseline 0.002 -14"><span class='ocrx_word' id='word_1_236' title='bbox 421 1625 579 1677; x_wconf 82' lang='lat' dir='ltr'>linguae</span> <span class='ocrx_word' id='word_1_237' title='bbox 599 1626 789 1664; x_wconf 87' lang='lat' dir='ltr'>rationem</span> <span class='ocrx_word' id='word_1_238' title='bbox 804 1624 917 1664; x_wconf 89' lang='lat' dir='ltr'>scribi</span> <span class='ocrx_word' id='word_1_239' title='bbox 937 1625 1051 1678; x_wconf 90' lang='lat' dir='ltr'>puto)</span> <span class='ocrx_word' id='word_1_240' title='bbox 1063 1637 1178 1677; x_wconf 88' lang='lat' dir='ltr'>quem</span> <span class='ocrx_word' id='word_1_241' title='bbox 1192 1623 1262 1664; x_wconf 86' lang='lat' dir='ltr'>suo</span> <span class='ocrx_word' id='word_1_242' title='bbox 1275 1624 1389 1678; x_wconf 73' lang='lat' dir='ltr'>ipsius</span> <span class='ocrx_word' id='word_1_243' title='bbox 1399 1654 1412 1670; x_wconf 92' lang='lat'>‚</span> <span class='ocrx_word' id='word_1_244' title='bbox 1427 1625 1533 1678; x_wconf 90' lang='lat' dir='ltr'>quod</span> <span class='ocrx_word' id='word_1_245' title='bbox 1545 1626 1583 1664; x_wconf 89' lang='lat' dir='ltr'>in</span> <span class='ocrx_word' id='word_1_246' title='bbox 1595 1624 1692 1666; x_wconf 83' lang='lat' dir='ltr'>alios</span> 
     </span>
    </p>

    <p class='ocr_par' dir='ltr' id='par_1_8' title="bbox 413 1675 1737 2490">
     <span class='ocr_line' id='line_1_28' title="bbox 418 1675 1733 1733; baseline 0 -15"><span class='ocrx_word' id='word_1_247' title='bbox 418 1678 617 1724; x_wconf 84' lang='lat' dir='ltr'>statuerat,</span> <span class='ocrx_word' id='word_1_248' title='bbox 631 1679 811 1733; x_wconf 85' lang='lat' dir='ltr'>exemplo</span> <span class='ocrx_word' id='word_1_249' title='bbox 825 1678 996 1718; x_wconf 81' lang='lat' dir='ltr'>Theseus</span> <span class='ocrx_word' id='word_1_250' title='bbox 1007 1679 1213 1718; x_wconf 88' lang='lat' dir='ltr'>interemit:</span> <span class='ocrx_word' id='word_1_251' title='bbox 1229 1679 1311 1732; x_wconf 88' lang='lat' dir='ltr'>lege</span> <span class='ocrx_word' id='word_1_252' title='bbox 1323 1677 1507 1718; x_wconf 83' lang='lat' dir='ltr'>I.&#39;Meurs.</span> <span class='ocrx_word' id='word_1_253' title='bbox 1522 1679 1561 1718; x_wconf 89' lang='lat' dir='ltr'>in</span> <span class='ocrx_word' id='word_1_254' title='bbox 1574 1678 1692 1719; x_wconf 90' lang='lat' dir='ltr'>Thes.</span> <span class='ocrx_word' id='word_1_255' title='bbox 1722 1675 1733 1730; x_wconf 62' lang='lat'>3&#39;</span> 
     </span>
     <span class='ocr_line' id='line_1_29' title="bbox 424 1732 1733 1789; baseline 0.001 -17"><span class='ocrx_word' id='word_1_256' title='bbox 424 1746 459 1772; x_wconf 92' lang='lat' dir='ltr'>c.</span> <span class='ocrx_word' id='word_1_257' title='bbox 474 1734 525 1772; x_wconf 91' lang='lat' dir='ltr'>V.</span> <span class='ocrx_word' id='word_1_258' title='bbox 540 1734 659 1772; x_wconf 87' lang='lat' dir='ltr'>Hunc</span> <span class='ocrx_word' id='word_1_259' title='bbox 673 1733 719 1772; x_wconf 86' lang='lat' dir='ltr'>de</span> <span class='ocrx_word' id='word_1_260' title='bbox 734 1744 848 1786; x_wconf 83' lang='lat' dir='ltr'>gente</span> <span class='ocrx_word' id='word_1_261' title='bbox 861 1732 967 1772; x_wconf 79' lang='lat' dir='ltr'>fuisse</span> <span class='ocrx_word' id='word_1_262' title='bbox 979 1733 1266 1773; x_wconf 84' lang='lat' dir='ltr'>Centaurorum</span> <span class='ocrx_word' id='word_1_263' title='bbox 1276 1763 1289 1780; x_wconf 92' lang='lat'>,</span> <span class='ocrx_word' id='word_1_264' title='bbox 1306 1733 1396 1786; x_wconf 85' lang='lat' dir='ltr'>quis</span> <span class='ocrx_word' id='word_1_265' title='bbox 1407 1742 1584 1772; x_wconf 88' lang='lat' dir='ltr'>veterum</span> <span class='ocrx_word' id='word_1_266' title='bbox 1597 1746 1693 1786; x_wconf 85' lang='lat' dir='ltr'>pro·</span> <span class='ocrx_word' id='word_1_267' title='bbox 1723 1735 1733 1789; x_wconf 75' lang='lat' dir='ltr'>l</span> 
     </span>
     <span class='ocr_line' id='line_1_30' title="bbox 423 1785 1731 1843; baseline 0.001 -17"><span class='ocrx_word' id='word_1_268' title='bbox 423 1787 540 1827; x_wconf 84' lang='lat' dir='ltr'>didit?</span> <span class='ocrx_word' id='word_1_269' title='bbox 561 1788 682 1826; x_wconf 90' lang='lat' dir='ltr'>immo</span> <span class='ocrx_word' id='word_1_270' title='bbox 697 1798 843 1826; x_wconf 86' lang='lat' dir='ltr'>tantum</span> <span class='ocrx_word' id='word_1_271' title='bbox 857 1786 974 1833; x_wconf 85' lang='lat' dir='ltr'>abest,</span> <span class='ocrx_word' id='word_1_272' title='bbox 988 1798 1031 1827; x_wconf 89' lang='lat' dir='ltr'>ut</span> <span class='ocrx_word' id='word_1_273' title='bbox 1044 1785 1236 1827; x_wconf 88' lang='lat' dir='ltr'>Theseum</span> <span class='ocrx_word' id='word_1_274' title='bbox 1251 1786 1372 1840; x_wconf 87' lang='lat' dir='ltr'>ipsum</span> <span class='ocrx_word' id='word_1_275' title='bbox 1387 1797 1563 1827; x_wconf 89' lang='lat' dir='ltr'>materno</span> <span class='ocrx_word' id='word_1_276' title='bbox 1576 1799 1692 1840; x_wconf 87' lang='lat' dir='ltr'>gene·</span> <span class='ocrx_word' id='word_1_277' title='bbox 1723 1794 1731 1843; x_wconf 55' lang='grc' dir='ltr'>ᾗ,</span> 
     </span>
     <span class='ocr_line' id='line_1_31' title="bbox 423 1839 1731 1900; baseline 0 -19"><span class='ocrx_word' id='word_1_278' title='bbox 423 1854 467 1881; x_wconf 84' lang='lat' dir='ltr'>re</span> <span class='ocrx_word' id='word_1_279' title='bbox 490 1841 750 1893; x_wconf 84' lang='lat' dir='ltr'>contingeret:</span> <span class='ocrx_word' id='word_1_280' title='bbox 778 1840 933 1880; x_wconf 87' lang='lat' dir='ltr'>Pausan.</span> <span class='ocrx_word' id='word_1_281' title='bbox 959 1841 999 1888; x_wconf 90' lang='grc' dir='ltr'>Ι,</span> <span class='ocrx_word' id='word_1_282' title='bbox 1018 1855 1056 1894; x_wconf 90' lang='lat' dir='ltr'>p.</span> <span class='ocrx_word' id='word_1_283' title='bbox 1076 1853 1153 1894; x_wconf 89' lang='lat'>90,</span> <span class='ocrx_word' id='word_1_284' title='bbox 1178 1839 1408 1880; x_wconf 72' lang='grc' dir='ltr'><strong><em>ἀποκτείνας</em></strong></span> <span class='ocrx_word' id='word_1_285' title='bbox 1434 1840 1501 1879; x_wconf 66' lang='lat' dir='ltr'>nal</span> <span class='ocrx_word' id='word_1_286' title='bbox 1525 1840 1620 1881; x_wconf 82' lang='grc' dir='ltr'><strong><em>Σίνιν</em></strong></span> <span class='ocrx_word' id='word_1_287' title='bbox 1635 1843 1691 1881; x_wconf 70' lang='grc' dir='ltr'><strong><em>τὰ.</em></strong></span> <span class='ocrx_word' id='word_1_288' title='bbox 1722 1851 1731 1900; x_wconf 57' lang='lat'>3]</span> 
     </span>
     <span class='ocr_line' id='line_1_32' title="bbox 421 1893 1731 1948; baseline 0.001 -14"><span class='ocrx_word' id='word_1_289' title='bbox 421 1899 513 1948; x_wconf 65' lang='grc' dir='ltr'>πρὸς</span> <span class='ocrx_word' id='word_1_290' title='bbox 538 1896 699 1934; x_wconf 76' lang='grc' dir='ltr'><strong><em>Πιτθεως</em></strong></span> <span class='ocrx_word' id='word_1_291' title='bbox 727 1894 911 1948; x_wconf 68' lang='grc' dir='ltr'>συγγενῆ·</span> <span class='ocrx_word' id='word_1_292' title='bbox 937 1896 1082 1948; x_wconf 89' lang='lat' dir='ltr'>quippe</span> <span class='ocrx_word' id='word_1_293' title='bbox 1103 1906 1259 1942; x_wconf 87' lang='lat' dir='ltr'>natum,</span> <span class='ocrx_word' id='word_1_294' title='bbox 1280 1905 1322 1934; x_wconf 91' lang='lat' dir='ltr'>ut</span> <span class='ocrx_word' id='word_1_295' title='bbox 1343 1894 1517 1934; x_wconf 81' lang='lat' dir='ltr'>nonnulli</span> <span class='ocrx_word' id='word_1_296' title='bbox 1538 1893 1693 1948; x_wconf 83' lang='lat' dir='ltr'>scripse·</span> <span class='ocrx_word' id='word_1_297' title='bbox 1724 1912 1731 1948; x_wconf 57' lang='grc' dir='ltr'>ξ</span> 
     </span>
     <span class='ocr_line' id='line_1_33' title="bbox 421 1947 1693 1995; baseline 0.002 -7"><span class='ocrx_word' id='word_1_298' title='bbox 421 1960 536 1995; x_wconf 87' lang='lat' dir='ltr'>runt,</span> <span class='ocrx_word' id='word_1_299' title='bbox 555 1948 736 1989; x_wconf 84' lang='lat' dir='ltr'>Canetho</span> <span class='ocrx_word' id='word_1_300' title='bbox 758 1949 800 1989; x_wconf 76' lang='grc' dir='ltr'>δι</span> <span class='ocrx_word' id='word_1_301' title='bbox 820 1949 1024 1988; x_wconf 88' lang='lat' dir='ltr'>Heniocha</span> <span class='ocrx_word' id='word_1_302' title='bbox 1044 1948 1180 1988; x_wconf 86' lang='lat' dir='ltr'>Pitthei</span> <span class='ocrx_word' id='word_1_303' title='bbox 1196 1947 1290 1988; x_wconf 87' lang='lat' dir='ltr'>filia:</span> <span class='ocrx_word' id='word_1_304' title='bbox 1313 1947 1502 1988; x_wconf 88' lang='lat' dir='ltr'>Plutarch.</span> <span class='ocrx_word' id='word_1_305' title='bbox 1524 1948 1561 1988; x_wconf 91' lang='lat' dir='ltr'>in</span> <span class='ocrx_word' id='word_1_306' title='bbox 1575 1948 1693 1990; x_wconf 79' lang='lat' dir='ltr'>Thes.</span> 
     </span>
     <span class='ocr_line' id='line_1_34' title="bbox 423 2001 1737 2075; baseline 0 -32"><span class='ocrx_word' id='word_1_307' title='bbox 423 2016 462 2056; x_wconf 91' lang='lat' dir='ltr'>p.</span> <span class='ocrx_word' id='word_1_308' title='bbox 485 2017 527 2042; x_wconf 90' lang='lat'>11</span> <span class='ocrx_word' id='word_1_309' title='bbox 555 2003 596 2042; x_wconf 90' lang='lat' dir='ltr'>F.</span> <span class='ocrx_word' id='word_1_310' title='bbox 614 2002 697 2041; x_wconf 87' lang='lat' dir='ltr'>Iam</span> <span class='ocrx_word' id='word_1_311' title='bbox 717 2001 746 2041; x_wconf 87' lang='lat' dir='ltr'><strong>fi</strong></span> <span class='ocrx_word' id='word_1_312' title='bbox 763 2002 862 2042; x_wconf 86' lang='lat' dir='ltr'>forte</span> <span class='ocrx_word' id='word_1_313' title='bbox 881 2002 1103 2042; x_wconf 84' lang='lat' dir='ltr'>Centauros</span> <span class='ocrx_word' id='word_1_314' title='bbox 1119 2015 1257 2043; x_wconf 86' lang='lat' dir='ltr'>omnes</span> <span class='ocrx_word' id='word_1_315' title='bbox 1281 2003 1356 2042; x_wconf 90' lang='lat' dir='ltr'>hoc</span> <span class='ocrx_word' id='word_1_316' title='bbox 1376 2002 1546 2056; x_wconf 84' lang='lat' dir='ltr'>epitheto</span> <span class='ocrx_word' id='word_1_317' title='bbox 1564 2001 1693 2043; x_wconf 86' lang='lat' dir='ltr'>existi-</span> <span class='ocrx_word' id='word_1_318' title='bbox 1725 2020 1737 2075; x_wconf 98' lang='lat'>3</span> 
     </span>
     <span class='ocr_line' id='line_1_35' title="bbox 423 2055 1729 2110; baseline 0 -14"><span class='ocrx_word' id='word_1_319' title='bbox 423 2070 507 2097; x_wconf 83' lang='lat' dir='ltr'>mes</span> <span class='ocrx_word' id='word_1_320' title='bbox 524 2055 707 2105; x_wconf 62' lang='lat' dir='ltr'>affeetos,</span> <span class='ocrx_word' id='word_1_321' title='bbox 727 2058 817 2109; x_wconf 88' lang='lat' dir='ltr'>quid</span> <span class='ocrx_word' id='word_1_322' title='bbox 839 2058 990 2096; x_wconf 86' lang='lat' dir='ltr'>tandem</span> <span class='ocrx_word' id='word_1_323' title='bbox 1010 2055 1172 2110; x_wconf 86' lang='lat' dir='ltr'>proferri</span> <span class='ocrx_word' id='word_1_324' title='bbox 1193 2057 1357 2110; x_wconf 88' lang='lat' dir='ltr'>poterit,</span> <span class='ocrx_word' id='word_1_325' title='bbox 1378 2057 1480 2096; x_wconf 90' lang='lat' dir='ltr'>unde</span> <span class='ocrx_word' id='word_1_326' title='bbox 1501 2057 1691 2107; x_wconf 88' lang='lat' dir='ltr'>nominis,</span> <span class='ocrx_word' id='word_1_327' title='bbox 1721 2097 1729 2106; x_wconf 68' lang='grc'>,</span> 
     </span>
     <span class='ocr_line' id='line_1_36' title="bbox 413 2109 1729 2164; baseline -0.002 -13"><span class='ocrx_word' id='word_1_328' title='bbox 413 2111 532 2164; x_wconf 54' lang='lat' dir='ltr'>⁸quod</span> <span class='ocrx_word' id='word_1_329' title='bbox 551 2124 572 2149; x_wconf 91' lang='lat' dir='ltr'>a</span> <span class='ocrx_word' id='word_1_330' title='bbox 591 2110 771 2164; x_wconf 76' lang='lat' dir='ltr'>singulari</span> <span class='ocrx_word' id='word_1_331' title='bbox 789 2112 904 2150; x_wconf 88' lang='lat' dir='ltr'>unius</span> <span class='ocrx_word' id='word_1_332' title='bbox 921 2111 1055 2151; x_wconf 88' lang='lat' dir='ltr'>Sinidis</span> <span class='ocrx_word' id='word_1_333' title='bbox 1074 2111 1298 2151; x_wconf 87' lang='lat' dir='ltr'>crudelitate</span> <span class='ocrx_word' id='word_1_334' title='bbox 1313 2109 1529 2164; x_wconf 64' lang='lat' dir='ltr'>profeaum</span> <span class='ocrx_word' id='word_1_335' title='bbox 1542 2109 1617 2150; x_wconf 88' lang='lat' dir='ltr'>effe</span> <span class='ocrx_word' id='word_1_336' title='bbox 1631 2110 1693 2150; x_wconf 85' lang='lat' dir='ltr'>sa·</span> <span class='ocrx_word' id='word_1_337' title='bbox 1723 2113 1729 2147; x_wconf 71' lang='grc' dir='ltr'><em>ί</em></span> 
     </span>
     <span class='ocr_line' id='line_1_37' title="bbox 422 2163 1729 2219; baseline 0 -15"><span class='ocrx_word' id='word_1_338' title='bbox 422 2167 473 2205; x_wconf 88' lang='lat' dir='ltr'>tis</span> <span class='ocrx_word' id='word_1_339' title='bbox 495 2164 663 2213; x_wconf 86' lang='lat' dir='ltr'>constat,</span> <span class='ocrx_word' id='word_1_340' title='bbox 687 2166 803 2218; x_wconf 86' lang='lat' dir='ltr'>origo</span> <span class='ocrx_word' id='word_1_341' title='bbox 829 2166 1047 2219; x_wconf 84' lang='lat' dir='ltr'>repetatur?</span> <span class='ocrx_word' id='word_1_342' title='bbox 1073 2177 1160 2204; x_wconf 84' lang='lat' dir='ltr'>nam</span> <span class='ocrx_word' id='word_1_343' title='bbox 1188 2166 1295 2219; x_wconf 89' lang='lat' dir='ltr'>quod</span> <span class='ocrx_word' id='word_1_344' title='bbox 1314 2164 1489 2205; x_wconf 86' lang='lat' dir='ltr'>Luismus</span> <span class='ocrx_word' id='word_1_345' title='bbox 1509 2163 1564 2204; x_wconf 85' lang='lat' dir='ltr'>est</span> <span class='ocrx_word' id='word_1_346' title='bbox 1585 2177 1694 2205; x_wconf 87' lang='lat' dir='ltr'>com·</span> <span class='ocrx_word' id='word_1_347' title='bbox 1720 2166 1729 2219; x_wconf 61' lang='lat' dir='ltr'><strong><em>J</em></strong></span> 
     </span>
     <span class='ocr_line' id='line_1_38' title="bbox 423 2219 1728 2272; baseline 0.002 -15"><span class='ocrx_word' id='word_1_348' title='bbox 423 2229 580 2259; x_wconf 86' lang='lat' dir='ltr'>mentus</span> <span class='ocrx_word' id='word_1_349' title='bbox 591 2250 604 2266; x_wconf 88' lang='lat'><em>‚</em></span> <span class='ocrx_word' id='word_1_350' title='bbox 622 2220 778 2272; x_wconf 84' lang='lat' dir='ltr'>quoniam</span> <span class='ocrx_word' id='word_1_351' title='bbox 795 2220 879 2258; x_wconf 86' lang='lat' dir='ltr'>bello</span> <span class='ocrx_word' id='word_1_352' title='bbox 896 2221 1224 2266; x_wconf 45' lang='lat' dir='ltr'>acresuhassehanmr,</span> <span class='ocrx_word' id='word_1_353' title='bbox 1247 2234 1358 2259; x_wconf 88' lang='lat' dir='ltr'>eorum</span> <span class='ocrx_word' id='word_1_354' title='bbox 1375 2219 1531 2271; x_wconf 82' lang='lat' dir='ltr'>impetum</span> <span class='ocrx_word' id='word_1_355' title='bbox 1548 2220 1690 2271; x_wconf 67' lang='lat' dir='ltr'>piblores</span> <span class='ocrx_word' id='word_1_356' title='bbox 1723 2248 1728 2260; x_wconf 55' lang='grc' dir='ltr'><strong><em>ι</em></strong></span> 
     </span>
     <span class='ocr_line' id='line_1_39' title="bbox 420 2272 1729 2326; baseline -0.001 -13"><span class='ocrx_word' id='word_1_357' title='bbox 420 2273 527 2326; x_wconf 81' lang='lat' dir='ltr'>flexis</span> <span class='ocrx_word' id='word_1_358' title='bbox 546 2273 718 2326; x_wconf 46' lang='lat' dir='ltr'>stratisque</span> <span class='ocrx_word' id='word_1_359' title='bbox 744 2274 940 2319; x_wconf 81' lang='lat' dir='ltr'>arboribus,</span> <span class='ocrx_word' id='word_1_360' title='bbox 959 2286 1155 2326; x_wconf 78' lang='lat' dir='ltr'>quacunque</span> <span class='ocrx_word' id='word_1_361' title='bbox 1168 2273 1351 2324; x_wconf 69' lang='lat' dir='ltr'>fluebant,</span> <span class='ocrx_word' id='word_1_362' title='bbox 1369 2273 1545 2326; x_wconf 81' lang='lat' dir='ltr'>exprimere</span> <span class='ocrx_word' id='word_1_363' title='bbox 1565 2272 1690 2326; x_wconf 76' lang='lat' dir='ltr'>fhlitos</span> <span class='ocrx_word' id='word_1_364' title='bbox 1719 2276 1729 2320; x_wconf 54' lang='grc' dir='ltr'>ῥ’</span> 
     </span>
     <span class='ocr_line' id='line_1_40' title="bbox 423 2322 1728 2380; baseline 0.002 -13"><span class='ocrx_word' id='word_1_365' title='bbox 423 2328 509 2380; x_wconf 66' lang='grc' dir='ltr'>ςΠε,</span> <span class='ocrx_word' id='word_1_366' title='bbox 524 2338 566 2367; x_wconf 93' lang='lat' dir='ltr'>ut</span> <span class='ocrx_word' id='word_1_367' title='bbox 581 2327 653 2366; x_wconf 83' lang='lat' dir='ltr'>alia</span> <span class='ocrx_word' id='word_1_368' title='bbox 669 2328 837 2373; x_wconf 87' lang='lat' dir='ltr'>mittam,</span> <span class='ocrx_word' id='word_1_369' title='bbox 858 2328 1001 2368; x_wconf 87' lang='lat' dir='ltr'>Graeci</span> <span class='ocrx_word' id='word_1_370' title='bbox 1019 2326 1205 2367; x_wconf 85' lang='lat' dir='ltr'>sermonis</span> <span class='ocrx_word' id='word_1_371' title='bbox 1228 2339 1387 2367; x_wconf 87' lang='lat' dir='ltr'>normae</span> <span class='ocrx_word' id='word_1_372' title='bbox 1401 2325 1557 2380; x_wconf 88' lang='lat' dir='ltr'>prorsus</span> <span class='ocrx_word' id='word_1_373' title='bbox 1573 2339 1691 2380; x_wconf 86' lang='lat' dir='ltr'>repu·</span> <span class='ocrx_word' id='word_1_374' title='bbox 1720 2322 1728 2369; x_wconf 77' lang='lat' dir='ltr'>l</span> 
     </span>
     <span class='ocr_line' id='line_1_41' title="bbox 423 2380 1721 2434; baseline 0 -14"><span class='ocrx_word' id='word_1_375' title='bbox 423 2392 528 2434; x_wconf 85' lang='lat' dir='ltr'>gnat.</span> <span class='ocrx_word' id='word_1_376' title='bbox 552 2381 660 2434; x_wconf 85' lang='lat' dir='ltr'>quis,</span> <span class='ocrx_word' id='word_1_377' title='bbox 682 2380 826 2434; x_wconf 91' lang='lat' dir='ltr'>quaeso</span> <span class='ocrx_word' id='word_1_378' title='bbox 841 2413 853 2429; x_wconf 92' lang='lat'><strong>‚</strong></span> <span class='ocrx_word' id='word_1_379' title='bbox 875 2381 1182 2431; x_wconf 70' lang='grc' dir='ltr'><strong><em>πιτυοκάμπτας</em></strong></span> <span class='ocrx_word' id='word_1_380' title='bbox 1200 2381 1342 2420; x_wconf 89' lang='lat' dir='ltr'>diceret</span> <span class='ocrx_word' id='word_1_381' title='bbox 1362 2393 1454 2426; x_wconf 89' lang='lat' dir='ltr'>eos,</span> <span class='ocrx_word' id='word_1_382' title='bbox 1484 2380 1551 2433; x_wconf 89' lang='lat' dir='ltr'>qui</span> <span class='ocrx_word' id='word_1_383' title='bbox 1575 2381 1692 2420; x_wconf 89' lang='lat' dir='ltr'>arbo-</span> <span class='ocrx_word' id='word_1_384' title='bbox 1720 2382 1721 2387; x_wconf 76' lang='grc'>’</span> 
     </span>
     <span class='ocr_line' id='line_1_42' title="bbox 424 2393 1728 2490; baseline 0 -15"><span class='ocrx_word' id='word_1_385' title='bbox 424 2448 486 2475; x_wconf 81' lang='lat' dir='ltr'>res</span> <span class='ocrx_word' id='word_1_386' title='bbox 505 2435 615 2474; x_wconf 86' lang='lat' dir='ltr'>vasto</span> <span class='ocrx_word' id='word_1_387' title='bbox 630 2448 796 2488; x_wconf 89' lang='lat' dir='ltr'>corpore</span> <span class='ocrx_word' id='word_1_388' title='bbox 815 2436 855 2474; x_wconf 73' lang='grc' dir='ltr'>δέ</span> <span class='ocrx_word' id='word_1_389' title='bbox 871 2436 1016 2488; x_wconf 88' lang='lat' dir='ltr'>impetu</span> <span class='ocrx_word' id='word_1_390' title='bbox 1028 2434 1206 2475; x_wconf 85' lang='lat' dir='ltr'>currendi</span> <span class='ocrx_word' id='word_1_391' title='bbox 1221 2434 1499 2487; x_wconf 76' lang='lat' dir='ltr'>prosternunt?</span> <span class='ocrx_word' id='word_1_392' title='bbox 1519 2433 1595 2474; x_wconf 90' lang='lat' dir='ltr'>Th.</span> <span class='ocrx_word' id='word_1_393' title='bbox 1610 2433 1694 2475; x_wconf 88' lang='lat' dir='ltr'>Ga-</span> <span class='ocrx_word' id='word_1_394' title='bbox 1718 2393 1728 2490; x_wconf 76' lang='lat' dir='ltr'>l</span> 
     </span>
    </p>
   </div>
   <div class='ocr_carea' id='block_1_5' title="bbox 418 2482 1727 2543">
    <p class='ocr_par' dir='ltr' id='par_1_9' title="bbox 418 2482 1727 2543">
     <span class='ocr_line' id='line_1_43' title="bbox 418 2482 1727 2543; baseline 0.001 -12"><span class='ocrx_word' id='word_1_395' title='bbox 418 2489 508 2532; x_wconf 70' lang='lat' dir='ltr'>leus</span> <span class='ocrx_word' id='word_1_396' title='bbox 526 2489 572 2530; x_wconf 90' lang='lat' dir='ltr'>ad</span> <span class='ocrx_word' id='word_1_397' title='bbox 589 2489 774 2543; x_wconf 88' lang='lat' dir='ltr'>Apollod.</span> <span class='ocrx_word' id='word_1_398' title='bbox 798 2488 857 2529; x_wconf 88' lang='lat'>111</span> <span class='ocrx_word' id='word_1_399' title='bbox 869 2519 880 2538; x_wconf 87' lang='lat'><strong>,</strong></span> <span class='ocrx_word' id='word_1_400' title='bbox 902 2503 938 2543; x_wconf 90' lang='lat' dir='ltr'>p.</span> <span class='ocrx_word' id='word_1_401' title='bbox 962 2503 1014 2543; x_wconf 75' lang='lat'>95</span> <span class='ocrx_word' id='word_1_402' title='bbox 1026 2521 1038 2539; x_wconf 87' lang='lat'>‚</span> <span class='ocrx_word' id='word_1_403' title='bbox 1056 2490 1125 2529; x_wconf 89' lang='lat' dir='ltr'>ubi</span> <span class='ocrx_word' id='word_1_404' title='bbox 1145 2490 1191 2530; x_wconf 93' lang='lat' dir='ltr'>de</span> <span class='ocrx_word' id='word_1_405' title='bbox 1210 2489 1338 2531; x_wconf 84' lang='lat' dir='ltr'>Sinide</span> <span class='ocrx_word' id='word_1_406' title='bbox 1357 2487 1696 2542; x_wconf 64' lang='lat' dir='ltr'>pinuuminflexoe</span> <span class='ocrx_word' id='word_1_407' title='bbox 1719 2482 1727 2535; x_wconf 57' lang='grc' dir='ltr'><em>ξ</em></span> 
     </span>
    </p>
   </div>
   <div class='ocr_carea' id='block_1_6' title="bbox 1719 2143 1737 3378">
    <p class='ocr_par' dir='ltr' id='par_1_10' title="bbox 1719 2143 1737 3378">
     <span class='ocr_line' id='line_1_44' title="bbox 1728 2143 1737 2538; baseline 0 0"><span class='ocrx_word' id='word_1_408' title='bbox 1728 2143 1737 2538; x_wconf 95' lang='lat' dir='ltr'>    </span> 
     </span>
     <span class='ocr_line' id='line_1_45' title="bbox 1719 2538 1737 3378; baseline 0 -749"><span class='ocrx_word' id='word_1_409' title='bbox 1719 2538 1737 3378; x_wconf 95' lang='lat' dir='ltr'>  </span> 
     </span>
    </p>
   </div>
  </div>
 </body>
</html>
