1737 3378
180 253 259 298 IO.
292 252 539 298 MATTH.
577 252 846 300 GESNERJ
873 254 1012 301 EPIS
1021 256 1064 301 T
1066 257 1197 304 OLA.
1267 269 1320 304 c1

54 354 206 408 religione
232 357 424 411 Christiana
439 387 451 405 ‚
478 358 514 397 in
538 371 701 411 quantum
728 358 849 398 barum
869 359 1024 412 princeps
1038 358 1113 411 fere
1136 373 1316 414 argumen-

52 422 125 449 tum
147 413 213 464 est,
238 413 394 464 destruere
407 412 671 465 superstitionem
694 412 729 450 δ’
749 413 877 450 cultum
901 415 1067 452 Deorum.
1323 451 1328 456 ,

106 476 168 502 DE
185 465 481 504 ASTROLOGIA
496 464 691 517 opusculum
709 465 860 504 imbecilli
878 467 1022 505 hominis
1038 467 1073 504 G·
1082 468 1316 522 superstitiosi,

57 533 127 557 non
147 519 252 570 igitur
268 519 433 566 Luciani‚
455 518 520 570 nisi
540 531 649 556 tamen
670 518 877 567 imitatione,
901 519 937 557 6·
960 521 1051 558 velut
1068 521 1249 572 vrapcpefiqc
1268 523 1316 560 ri-

55 574 127 610 dere
158 572 269 613 voluit
285 571 550 625 superstitiosum
582 571 724 624 aliquem
745 571 968 624 scriptorem,
1001 575 1094 627 quod
1121 576 1224 613 etiam
1255 576 1322 615 Io-

54 625 154 676 nifini
172 624 335 678 afflb‘t'atio
357 626 507 678 ostendit.

105 691 166 716 DE
186 681 287 718 ΒΕΑ
302 680 330 716 S
336 691 444 717 YR1A
465 679 550 717 idem
560 708 571 725 ‚
586 681 678 731 quod
687 680 726 717 de
740 678 850 719 libello
864 683 902 718 de
915 680 1108 733 Astrologia
1119 709 1129 724 ,
1150 681 1311 733 existimo.

105 732 224 771 Aliud
250 732 346 771 velut
367 744 471 784 caput
495 747 629 780 eorum,
657 742 741 786 quae
765 734 820 772 lu'c
849 748 871 770 a
896 729 953 773 me*
969 734 1148 787 exspeftari
1174 735 1323 781 aebcnt,

45 785 131 838 sunt
153 785 396 837 observationes
420 788 582 838 quaedam
596 816 610 832 ,
634 802 742 839 quae,
767 790 848 826 dum
867 803 1023 841 percurro
1047 787 1164 840 miffas
1187 790 1237 826 ad
1263 802 1312 825 me

51 841 188 879 chartas
205 838 374 892 festinans
390 842 581 893 plerumque
600 840 634 879 G·
658 841 737 879 aliis
760 843 856 879 rebus
881 843 1058 894 impeditus
1071 871 1082 888 ‚
1109 842 1144 880 in
1170 853 1309 880 mentem

51 893 134 932 mihi
151 908 275 932 venere.
306 893 392 932 Has
412 895 462 933 ad
482 906 513 933 te
533 895 627 933 mitto
640 925 654 943 ‚
673 895 892 942 intexendas,
908 898 946 947 fi
967 897 1126 942 videtur,
1151 895 1311 934 Adden-

0 975 1 978 ,
52 946 131 993 dis,
158 962 247 1000 quae
271 948 390 997 parari
414 948 513 987 video
529 976 540 993 ‚
567 949 712 1001 reliquis.
751 949 871 987 Habes
895 963 1005 988 autern
1027 966 1065 988 ea
1090 962 1221 988 tantum
1237 979 1249 995 ,
1273 948 1323 987 in·-

53 1016 136 1052 quae
157 1017 181 1039 a
198 1001 306 1040 media
310 1000 385 1051 sire
402 1014 499 1054 parte
517 1002 610 1041 Tomi
626 1004 646 1041 I
665 1003 789 1042 incidi:
799 1005 838 1054 si
854 1019 922 1054 qua
944 1006 994 1041 ad
1005 1004 1120 1056 priora
1143 1005 1183 1041 de
1207 1003 1309 1041 inter-

47 1055 232 1107 pretatione
241 1055 436 1107 praesertim
459 1058 621 1095 monenda
644 1058 882 1105 occurrebant,
909 1073 948 1095 ea
970 1060 1018 1096 ad
1038 1057 1170 1097 Tiber.
1189 1057 1311 1095 Hem-

50 1107 274 1150 sterhufium
292 1109 403 1150 virum
427 1111 510 1150 clar.
524 1125 594 1163 pro
611 1111 711 1150 veteri
735 1111 885 1151 amicitia
905 1112 1064 1150 iubentem
1080 1110 1265 1165 perftrz'pst.

548 1217 568 1235 3
668 1214 690 1234 ὅ
788 1213 811 1234 -t‘

525 1248 591 1269 st*
648 1247 712 1267 ἡ*
767 1248 834 1268 **

103 1315 277 1366 Superest,
300 1327 363 1362 ut,
391 1314 431 1352 id
453 1318 546 1367 quod
567 1315 759 1355 conceditur
782 1316 884 1367 vulgo
900 1314 1123 1368 fit·ipt0ribus
1134 1345 1148 1362 ,
1174 1316 1215 1353 de
1238 1330 1309 1354 meo

50 1368 184 1419 consilio
209 1369 244 1406 δ’
266 1369 438 1407 laboribus
459 1370 539 1408 meis
563 1372 726 1422 quaedam
741 1371 838 1421 apud
853 1381 882 1407 te
896 1368 1061 1420 disputem
1074 1398 1087 1414 ,
1129 1385 1192 1407 uae
1215 1385 1306 1407 nem·

23 1443 26 1446 ⁴
44 1435 88 1473 pe
110 1423 159 1460 ad
174 1422 264 1474 ipsos
287 1438 414 1476 quoque
432 1424 579 1476 posteros
603 1425 716 1462 eadem
740 1438 841 1476 opera
865 1424 998 1476 cupiam
1023 1386 1173 1475 perseqrri.

101 1476 217 1529 Fuiffi:
249 1477 331 1516 milti
361 1488 500 1515 veterem
523 1493 599 1517 cum
629 1478 784 1517 Luciano
801 1477 1073 1528 familiaritatem
1087 1506 1101 1522 ,
1133 1479 1308 1529 ostendunt

32 1544 89 1568 >ea
98 1559 113 1576 ,
137 1546 222 1582 quae
243 1531 311 1569 iam
328 1543 448 1582 quarto
469 1532 590 1571 decimo
615 1532 717 1570 huius
728 1532 835 1584 seculi
853 1547 968 1577 anno,
993 1530 1051 1583 qui
1071 1531 1194 1569 aetatis
1217 1546 1308 1569 meae

51 1584 165 1622 tertius
187 1584 221 1623 δ’
243 1585 414 1636 vicefimus
433 1599 522 1632 erat,
549 1586 583 1624 in
610 1585 831 1637 Philopatrin
849 1585 885 1623 δ’
904 1587 943 1624 de
966 1585 1201 1635 Philopatride
1219 1601 1241 1621 a
1257 1599 1308 1622 me

43 1636 174 1691 scripta
186 1669 199 1685 ,
224 1639 258 1677 δ’
277 1638 314 1676 in
336 1639 518 1689 Ien'enfium
542 1638 826 1691 thlofhphorum
843 1640 1002 1678 cathedra
1023 1637 1196 1690 disputata
1207 1638 1304 1689 fient.

51 1693 126 1730 Iam
151 1708 187 1731 eo
219 1705 360 1745 tempore
389 1693 528 1744 consilia
554 1694 724 1746 agitabam
748 1694 924 1732 revocandi
949 1693 984 1731 in
1001 1692 1172 1744 publicam
1201 1692 1306 1730 lucem

34 1773 36 1776 -
53 1746 228 1799 Sophist-ze
239 1747 404 1798 doflfffi‘mi
416 1777 430 1793 ,
443 1747 675 1799 amoenissimi,
694 1746 730 1784 δ’
742 1750 792 1786 ad
802 1747 935 1785 variam
958 1746 1169 1784 eruditionem
1179 1775 1191 1792 ‚
1206 1760 1308 1797 quarn

51 1801 211 1840 adamavi
238 1817 260 1838 a
283 1815 414 1853 picem,
441 1801 787 1853 accommodatiffimi:
815 1816 899 1853 quae
920 1799 1027 1850 causa
1043 1799 1139 1850 ficit,
1159 1810 1196 1837 ut
1219 1812 1308 1836 nun-

53 1870 154 1908 quam
171 1855 276 1906 plane
297 1854 398 1892 illum
419 1856 606 1907 deponerem
634 1858 673 1894 de
698 1856 877 1900 manibus,
902 1856 962 1906 etsi
978 1854 1029 1891 illi
1051 1853 1207 1891 editionis
1227 1867 1308 1891 con·

31 1930 34 1936 ·
44 1909 123 1961 filio
142 1909 250 1948 multa
263 1908 406 1960 subinde
428 1909 659 1962 impedimenta
687 1909 922 1954 obiicerentur,
941 1922 1006 1960 quo
1020 1906 1151 1959 fhHum
1173 1908 1236 1959 est,
1268 1918 1309 1945 ut

50 1978 119 2002 non
139 1975 287 2002 nonum
309 1965 405 2002 modo
424 1962 463 2001 in
485 1976 625 2002 annum
645 1978 689 2002 ex
708 1963 854 2002 Horatii
868 1973 1066 2015 praecepto,
1082 1971 1306 2014 premerentur

45 2017 202 2070 pleraque
227 2017 376 2071 cogitata
400 2019 535 2069 nostra,
553 2017 698 2069 sed-fere
721 2018 771 2055 ad
786 2015 1019 2056 tricefimum
1040 2028 1143 2065 penes
1167 2030 1229 2053 nos
1249 2016 1306 2052 de-

50 2071 255 2123 litescerent,
278 2071 344 2123 nisi
363 2072 456 2124 quod
478 2071 653 2122 capitalem
677 2071 771 2110 illam
799 2071 937 2110 encomii
962 2069 1196 2122 Demosthenis
1217 2069 1308 2121 resti-

52 2126 230 2173 tutionem,
251 2141 321 2164 non
343 2136 475 2164 tantum
496 2141 586 2164 anno
599 2125 707 2176 seculi
732 2137 818 2164 XXI
835 2129 911 2164 cu'm
934 2124 1113 2163 venerabili
1136 2123 1209 2161 iam
1234 2123 1304 2161 col-

51 2179 125 2229 lega
152 2194 221 2218 meo
248 2178 295 2219 C.
323 2178 374 2218 A.
405 2180 662 2227 Heumanno,
690 2179 726 2217 δ’
747 2194 823 2218 cum
853 2178 1079 2230 laudatiffimo
1111 2177 1184 2216 viro
1214 2176 1306 2215 Tib.

54 2232 339 2273 Hemsterhufio
350 2263 363 2278 ,
377 2234 620 2272 communicavi
626 2248 640 2280 ,-
658 2233 722 2285 sed
737 2234 835 2272 etiam
852 2233 958 2284 menfi·
974 2232 1063 2271 Iulio
1081 2231 1164 2270 anni
1179 2242 1305 2268 XXXI

43 2287 90 2325 in
117 2287 375 2340 Cltrcflomatlzia
401 2289 535 2326 Graeca
557 2288 731 2340 publicavi
757 2288 915 2340 Lipsiae,
941 2288 1026 2325 unde
1047 2286 1083 2325 in
1102 2286 1195 2324 Atia
1209 2287 1305 2322 Eru-

52 2341 193 2380 ditorum
222 2341 315 2380 illius
337 2341 420 2379 anni
441 2342 547 2379 relata
570 2343 622 2392 est.

106 2396 194 2434 Inter
213 2396 295 2434 ltaec
320 2397 416 2435 modo
441 2410 517 2434 cum
534 2394 640 2434 Tho.
667 2393 878 2441 Fritschio,
898 2393 1049 2447 principe
1078 2395 1157 2432 dum
1179 2391 1305 2430 viveret

52 2448 204 2488 librariae
225 2448 484 2501 negotiationis,
505 2449 642 2501 consilia
662 2450 819 2503 agitata,
843 2450 941 2487 modo
965 2448 1209 2487 communicata
1229 2460 1305 2484 cum

53 2502 95 2541 cl.
111 2501 413 2550 Hemsterhuslo‚
435 2517 520 2555 quae
541 2502 651 2555 ffblu
667 2506 776 2555 causis
789 2502 843 2542 hic
860 2519 927 2542 non
938 2499 1229 2542 commemorandis
1248 2515 1305 2537 ca-

53 2570 144 2598 Were
152 2571 169 2604 ;
179 2559 280 2596 donec
291 2557 347 2598 vir
358 2557 411 2598 llic
427 2558 623 2612 dofftffimus
632 2558 865 2611 provinciam,
883 2572 985 2612 quam
996 2572 1090 2596 nemo
1105 2553 1222 2593 melius
1234 2550 1307 2605 ipso

967 2627 1054 2676 ‘0³3
