1737 3378
329 208 432 254 ΙΝ
495 207 998 255 SOMNIUM.
1206 220 1296 255 201

40 299 156 338 «stant.
177 298 222 338 ad
235 298 327 338 Stat.
344 298 469 338 Theb.
490 298 544 338 IX
556 330 567 347 ,
587 313 677 348 424.
687 297 747 337 sed
763 298 937 337 nonnulli
951 298 1058 335 binas
1070 302 1218 335 tantum
1235 307 1305 334 no-

42 352 145 399 ctes,
168 352 264 405 (vid.
282 351 454 391 Pafferat.
475 353 521 391 ad
536 353 706 405 propert.
731 351 786 398 11,
812 350 872 397 18,
888 366 925 389 v.
948 363 992 401 25
1008 381 1019 397 ‚
1039 350 1241 390 Muncker.
1256 348 1306 388 ad

16 434 19 436 -
40 406 190 458 Hygin.
214 405 255 444 F.
275 405 437 458 XXIX.)
458 418 602 445 novem
620 406 683 444 alii
701 405 963 456 coniungunt,
981 403 1102 442 Clem.
1127 404 1247 443 Protr.
1261 415 1300 455 p.

43 472 96 498 20
117 459 170 499 D.
190 459 230 498 &
243 460 387 499 Potter.
400 459 451 498 illi
469 459 773 511 brevius,quam
794 470 860 509 par
876 456 1304 509 erasscomraetofem-

40 513 149 565 poris
175 513 318 565 spatio,
345 512 500 551 ternarii
530 513 678 551 numeri
702 510 971 564 perfectionem
986 540 999 555 ‚
1022 524 1136 561 quam
1159 512 1198 550 in
1225 511 1302 549 hoc

41 567 154 605 etiam
171 567 328 618 negotio
345 565 501 618 speclari
516 566 643 605 voluit
656 565 765 604 Serv.
786 564 832 602 ad
852 564 987 616 Virgil.
1008 563 1086 603 Ecl.
1102 564 1215 609 vul,
1230 577 1297 614 75,

39 628 184 658 temere
200 620 367 658 violant:
385 619 424 657 hi
442 618 566 658 multo
588 618 675 658 sane
693 617 826 656 melius
843 616 1021 657 Herculis
1043 618 1181 657 honori
1204 629 1298 656 con-

38 671 168 711 sulunt
179 703 190 721 ‚
206 673 315 712 cuius
331 683 435 711 tanta
454 672 567 712 fuerit
581 671 816 711 fortitudinis
834 671 1079 717 excellentia,
1098 671 1190 710 utin
1207 683 1297 709 eum

39 724 284 765 formandum
300 725 434 765 solidas
448 738 590 765 novem
608 727 740 766 nones
753 725 967 778 impendere
980 724 1149 777 Iuppiter
1160 723 1301 762 debue-

40 779 114 818 rit:
131 791 217 818 nam
239 779 267 818 fi
284 792 420 819 verum
439 778 515 828 est,
535 779 641 832 quod
661 779 865 818 Diodorus
881 779 955 827 IV,
973 792 1007 831 p.
1031 791 1099 830 15¹
1118 777 1168 816 D.
1184 777 1300 817 histo-

35 832 116 872 rica
135 834 324 885 gravitate
342 832 573 880 confirmat,
595 836 656 872 τον
676 835 755 886 7245>
778 834 853 872 Δίιι
867 832 1099 885 μισγόμενον
1117 829 1299 881 Ἀλκμήνῃ

37 887 272 937 τριπλασίων
292 885 356 926 τὴν
377 885 496 926 νύκτα.
517 885 690 935 maican,
713 886 776 925 καὶ
796 885 848 935 τῷ
867 886 1002 926 πλήθει
1026 884 1095 924 τοῦ
1117 887 1208 937 πρὶς
1230 884 1298 924 τὴν

36 939 289 981 machmam
307 941 556 980 ἀναλωθέντος
579 940 716 992 χρόνον
742 937 975 989 προσυμῇνειι
1000 940 1064 979 τὴν
1093 935 1297 991 ὑπερβολὴν

37 991 105 1032 τῆς
127 991 193 1033 τοῦ
207 993 512 1048 γεννηθησομένου
533 996 678 1047 ῥώμης,
697 992 724 1032 fi
746 994 844 1040 hoc,
863 994 1040 1045 inquam,
1059 1005 1196 1032 verum
1221 992 1297 1039 est,

35 1054 146 1087 tanto
164 1049 282 1100 magis
301 1048 432 1087 eadem
449 1049 547 1087 ratio
561 1049 598 1086 in
615 1048 828 1086 novenario
849 1048 1023 1086 noctium
1041 1060 1205 1086 numero
1226 1060 1295 1086 va-

37 1099 140 1139 lebit.
158 1101 238 1140 Iam
256 1103 444 1141 neminem
458 1101 541 1141 fore
561 1112 679 1155 puto,
692 1102 758 1153 qui
778 1101 856 1139 vim
871 1100 972 1140 istius
983 1100 1297 1154 μεγαλοπρεπῶς

38 1155 142 1207 apud
161 1155 444 1195 Nazianzenum
459 1168 538 1195 non
558 1155 694 1207 capiat.
714 1156 876 1193 Hfflsr.

89 1212 163 1247 ead.
177 1210 199 1248 l.
225 1223 282 1249 10.
295 1209 428 1248 ’Έωλος
438 1210 517 1263 ’γὰρ
534 1206 554 1248 ἦ
572 1207 641 1260 4.)
660 1209 771 1247 Bona
785 1208 960 1257 notavit,
978 1208 1053 1248 hoc
1070 1208 1184 1247 etiam
1201 1208 1293 1248 loco

32 1261 213 1314 prolato,
234 1264 284 1302 H.
304 1263 480 1315 Stephan.
501 1263 582 1302 Ind.
604 1261 719 1302 Thes.
743 1263 782 1300 in
804 1277 844 1302 v.
861 1256 1018 1309 Ἰξίονος,
1044 1262 1084 1301 &
1101 1262 1294 1314 Iungerm.

36 1315 83 1354 ad
101 1315 194 1355 Poll.
216 1316 259 1362 Ι,
284 1316 331 1366 65
348 1346 358 1362 ‚
381 1330 416 1356 n.
441 1316 501 1370 38.
526 1317 690 1355 HEMST.

45 1395 48 1399 -
91 1371 202 1408 e.1d.l.
228 1384 286 1409 ιι.
301 1369 573 1424 Ὕποκριτὰς))
594 1370 697 1410 Hinc
717 1383 804 1409 cum
828 1368 1013 1410 fimilibus
1031 1369 1110 1409 aliis
1133 1380 1295 1410 annota-

37 1423 95 1463 vit
117 1424 295 1463 Budaeus
315 1423 362 1463 C.
386 1424 428 1463 L.
451 1423 503 1463 G.
527 1438 563 1476 p.
585 1425 675 1472 776.
699 1423 913 1476 Displicent
935 1425 1064 1477 ὀνείρων
1080 1423 1183 1463 ’τιντῗτν
1203 1421 1297 1463 ὑπο-

33 1477 168 1529 κριτάς
189 1492 304 1517 τινας·
324 1478 545 1517 alterutrum
560 1508 574 1524 ,
589 1476 616 1516 fi
630 1478 792 1517 nitorem
808 1477 991 1530 loquendi
1006 1477 1179 1518 consulas
1190 1508 1203 1524 ,
1217 1477 1295 1517 suf-

35 1529 190 1570 fecerit:
207 1545 276 1572 nec
293 1530 380 1572 sane
400 1532 438 1571 in
461 1532 518 1571 ed.
541 1532 595 1570 Pl.
617 1532 781 1585 primum
796 1531 886 1571 illud
905 1532 1010 1572 τινῶν
1032 1531 1170 1579 exstat,
1186 1532 1293 1585 quod

34 1584 74 1622 in
89 1585 318 1638 posteriores
330 1598 466 1626 omnes
484 1586 584 1625 unde
595 1584 710 1624 fuerit
723 1585 917 1625 invectum
931 1617 941 1634 ‚
955 1587 1048 1625 mihi
1060 1599 1137 1625 non
1153 1586 1293 1638 liquet:

33 1651 272 1691 quamquam
289 1641 327 1678 in
348 1640 442 1679 Exc.
458 1639 556 1679 Cod.
572 1639 708 1692 Regin.
729 1640 810 1679 Poli
826 1641 1012 1693 reperiam
1035 1639 1264 1693 adscriptum
1279 1668 1292 1688 ,

33 1704 102 1745 per
125 1706 187 1732 me
203 1705 329 1733 tamen
348 1693 439 1733 licet
453 1693 691 1733 exturbetur.
709 1694 873 1732 HEMST.

87 1751 161 1786 ead.
177 1748 199 1785 l.
222 1762 278 1787 12.
296 1747 338 1785 ‘O
358 1746 534 1800 Ξενοφῶν)
554 1748 720 1786 Videtur
741 1747 932 1787 somnium
957 1747 1032 1787 hoc
1056 1748 1265 1800 intelligere
1276 1757 1294 1794 ;

35 1801 142 1852 quod
163 1800 216 1839 est
233 1800 361 1841 1ib.IlI
378 1801 499 1846 ’Awss.
511 1814 593 1854 quo
614 1802 709 1840 vidit
720 1802 943 1855 Xenophon
957 1816 1024 1855 per
1038 1803 1208 1854 quietem
1223 1802 1294 1840 do-

32 1867 141 1893 murn
160 1854 263 1894 suam
284 1866 483 1907 paternam
504 1854 661 1895 fulmine
677 1866 799 1895 totam
819 1856 1022 1896 collucere.
1043 1856 1191 1895 COGN.

88 1908 166 1947 ibid.
185 1908 247 1948 Ὡς
267 1908 406 1956 {samo
428 1909 598 1948 Tutatur
613 1909 650 1948 se
672 1910 863 1950 Lucianus
883 1910 1062 1963 exemplo
1083 1923 1196 1962 atque
1221 1921 1290 1948 au-

31 1959 212 2002 &oritate
229 1963 496 2015 Xenophontis
508 1993 521 2009 ,
544 1964 584 2002 δι
605 1964 685 2002 eius
702 1963 919 2016 praesertim
939 1964 1075 2004 somnii
1094 1963 1292 2002 narratio-

32 2027 100 2062 ne,
123 2017 241 2069 quod,
261 2015 463 2069 desperatis
476 2017 719 2057 Graecorum
733 2018 894 2057 militum
916 2019 1044 2065 rebus,
1058 2019 1200 2071 ereptis
1213 2017 1290 2056 iam

30 2067 100 2108 fibi
120 2084 186 2123 per
200 2070 368 2110 fraudem
385 2071 558 2119 ducibus,
571 2085 615 2110 ea
637 2071 728 2123 ipsa,
741 2085 816 2124 qua
829 2071 953 2111 visum
967 2073 1033 2121 est,
1049 2074 1162 2113 noete
1177 2084 1287 2111 com-

31 2123 269 2163 militonibus
290 2136 439 2170 narrat,
457 2125 563 2170 ἐινοιβ.
580 2125 634 2164 ΙΙΙ
652 2126 760 2164 initio
779 2125 869 2165 fere.
883 2127 1014 2165 Verba
1030 2137 1158 2165 autem
1174 2155 1185 2173 ,
1203 2125 1290 2178 qui·

31 2175 104 2217 bus
124 2179 158 2217 id
182 2179 259 2230 agit
281 2178 338 2218 hic
354 2179 544 2218 Lucianus
556 2209 565 2223 ,
581 2178 812 2219 subobscura
825 2181 866 2220 &
880 2181 1087 2233 depravata
1102 2181 1215 2220 etiam
1233 2180 1293 2218 vi-

33 2230 184 2271 dentur.
204 2233 304 2271 Nam
326 2246 412 2272 cum
433 2234 507 2281 ait,
528 2229 593 2271 οὐκ
613 2229 638 2272 (ἶ
659 2232 806 2284 ἀγαθὲ,
828 2247 907 2273 non
925 2246 1060 2287 negat,
1086 2234 1190 2287 quod
1217 2245 1290 2272 no-

32 2284 179 2325 viffime
198 2287 245 2325 ab
265 2287 442 2326 auditore
463 2287 578 2326 obiici
594 2286 660 2326 fibi
681 2287 868 2335 finxeram
889 2287 950 2327 sed
969 2301 1107 2328 vocem
1131 2286 1289 2339 ληρῆσαι

31 2338 184 2392 respicit
195 2352 260 2380 aut
273 2337 382 2380 ἕωλος
395 2340 648 2394 ’ψυχρολογία
660 2371 671 2389 ‚
688 2342 792 2394 quasi
814 2342 927 2388 dicat,
948 2357 1170 2395 nequaquam,
1193 2357 1213 2380 ο
1227 2342 1288 2380 bo-

33 2406 95 2438 ne,
110 2408 219 2446 nugae
232 2395 320 2446 sunt
333 2396 478 2446 pueriles
490 2411 506 2442 ;
524 2397 588 2445 nisi
601 2396 693 2447 forte
717 2408 881 2447 nugatum
906 2397 1003 2435 etiam
1028 2396 1285 2449 Xenophontem

28 2458 160 2498 putas,
178 2463 251 2487 cum
260 2449 395 2499 fiJmnia
410 2450 477 2500 fibi
496 2450 572 2502 visa
593 2462 733 2496 narrat,
754 2461 824 2488 tum
839 2451 927 2489 domi
942 2481 955 2496 ,
980 2451 1049 2489 iam
1069 2449 1284 2504 profee‘luro,

31 2510 101 2541 tum
122 2502 203 2541 alia.
224 2501 446 2544 obscuritas
469 2503 553 2545 inde
576 2504 702 2544 oritur
717 2534 730 2552 ,
757 2504 864 2558 quod
886 2503 1069 2558 ληρῆσαι,
1094 2503 1198 2558 quod
1221 2515 1282 2544 re-
