1737 3378
431 214 525 278 380
628 210 1503 258 ANNOTATloNEs

427 299 726 354 proverbiorum
739 300 898 341 auclore
914 300 952 339 in
964 300 1066 354 App.
1075 301 1203 341 Vatic.
1220 300 1267 341 C.
1280 300 1333 347 11,
1356 314 1392 340 n.
1405 316 1469 352 71.
1483 301 1592 343 locus
1604 310 1698 356 pau-⁴

383 355 386 359 ’
429 355 553 394 lulum
574 355 808 400 intricatior,
826 367 941 407 quem
965 353 1016 394 sic
1037 354 1143 406 lego:
1163 353 1294 394 Μάνης
1310 354 1327 407 (
1338 354 1416 395 hoc
1434 354 1535 395 re&e
1551 357 1696 397 viderat

429 407 640 462 Canterus)
659 409 722 448 ml
739 409 859 453 Τίβης·
886 406 1015 447 ταῦτα,
1033 408 1198 458 ὀνόματά
1218 408 1299 447 ἐστι
1316 408 1530 462 &pv-ymni·
1547 408 1608 448 snb
1628 409 1697 449 κα.)

431 461 668 509 ἑπιφωνεῖτιιι
681 493 692 509 ,
713 458 765 501 εἷς
782 462 907 501 Μάνης
922 461 956 500 ἐν
971 465 1124 515 Φρυγίᾳ·
1148 461 1282 514 (quast
1299 463 1444 502 nullum
1466 461 1546 502 fere
1567 462 1696 502 homi·

429 515 492 554 nis
507 515 608 554 aliud
623 515 672 555 ibi
691 528 834 555 nomen
849 515 1085 569 reperiatur)
1107 518 1168 555 τὶν
1186 514 1230 554 δὲ
1245 515 1351 560 Τίβην
1366 515 1381 554 ὅ
1397 515 1600 567 Μένανὸρος
1613 531 1697 555 συν-

432 568 536 621 εχῶς
557 568 631 621 (an
659 569 836 617 συνήθως
859 581 1095 622 quamquam
1118 581 1198 608 non
1217 568 1329 608 valde
1346 568 1602 610 necessarium.
1620 570 1697 610 Th.

431 621 632 662 Reinesius
645 624 696 662 V.
712 622 839 668 L.111‚
857 635 890 661 c.
907 622 930 661 6
943 652 955 669 ,
970 637 1004 675 p.
1021 623 1115 671 467,
1129 621 1277 663 Glaseri
1292 623 1552 676 praeceptoris
1570 622 1623 662 sui
1641 624 1696 662 in-

430 677 744 728 terpretationem
759 676 896 715 merito
911 676 1142 730 repudiavit)
1157 677 1270 721 Tissmv
1281 675 1445 727 ὀνομάζει
1459 680 1554 730 (ego
1566 677 1604 716 in
1615 677 1696 717 Me-

429 730 563 769 nandri
584 730 753 782 reliquiis
774 728 903 769 saltem
925 729 1072 770 exstare
1087 730 1324 770 vocabulum
1347 730 1437 769 illud
1459 743 1542 770 non
1565 743 1696 770 recor-

432 783 524 836 dor)
539 784 602 822 nal
618 784 682 821 Em
697 780 715 823 ἦ
732 785 880 836 Φρυγία
894 784 1004 828 Τίβιοι
1017 784 1210 823 καλεῖται·
1227 796 1356 837 neque
1371 794 1498 824 tamen
1514 784 1552 822 in
1566 783 1623 823 his
1637 785 1694 824 nl·

427 837 482 876 hil
498 838 620 876 adhuc
640 836 846 889 superesse,
867 837 973 890 quod
989 850 1050 876 me
1064 849 1249 886 moretur,
1261 837 1395 876 lubens
1408 837 1545 878 fateor.
1562 837 1694 877 mium

429 903 480 930 ex
494 891 690 943 Stephano
702 891 810 930 multi
825 902 1022 936 notarunt,
1034 891 1226 943 Phrygiae
1240 902 1426 936 montem,
1449 905 1470 931 a
1489 891 1584 932 Tibia
1596 904 1695 944 quo.

431 945 538 991 dam,
557 956 602 983 ut
621 945 692 990 ait,
711 944 963 998 appellatione
976 944 1153 984 dedufita:
1172 944 1213 983 ἐκ
1225 944 1356 983 τούτου
1372 945 1593 990 κειὶΤιβίους
1610 945 1698 984 τοὺς

430 997 586 1037 ἐνάλους
606 996 777 1037 καλοῦσι.
798 998 851 1037 At
871 997 1009 1037 Strabo
1031 997 1171 1037 disertis
1192 998 1320 1037 verbis
1342 997 1544 1051 significat,
1564 999 1602 1037 in
1625 998 1697 1038 Pa-

431 1051 640 1104 phlagonia
663 1051 890 1092 tritiffimum
906 1052 1007 1092 Tibii
1024 1050 1131 1091 fuiffe
1147 1064 1316 1097 nomen,
1336 1063 1452 1104 atque
1471 1053 1558 1092 ideo
1578 1050 1697 1092 servis

427 1105 590 1145 indidem
612 1107 820 1157 apportatis
841 1107 1041 1145 tributum.
1056 1107 1164 1145 Haec
1179 1105 1412 1146 Casaubono
1435 1106 1532 1146 ratio
1547 1104 1698 1145 consti·

430 1159 504 1205 tit,
522 1173 590 1200 cur
610 1160 703 1208 XII,
729 1173 764 1213 p.
789 1159 868 1213 830
889 1160 932 1199 B.
956 1159 1022 1199 ubi
1046 1160 1206 1199 nomina
1227 1159 1365 1199 Strabo
1390 1172 1469 1199 non
1491 1171 1615 1212 pauca
1636 1172 1697 1198 re-

431 1212 558 1253 censet
576 1213 868 1266 Paphlagonica‚
881 1227 1050 1267 quorum
1064 1212 1155 1253 usus
1170 1213 1295 1253 itidem
1313 1212 1490 1266 frequens
1504 1211 1617 1253 fuerit
1629 1226 1700 1266 per

429 1266 716 1320 Cappadociam
733 1266 984 1321 finitimasque
1003 1267 1180 1320 regiones
1191 1297 1203 1313 ,
1223 1280 1296 1320 pro
1311 1267 1456 1320 Τίβηρος
1470 1267 1607 1321 reponi
1621 1280 1698 1306 vo-

430 1320 542 1360 luerit
567 1322 697 1367 Τίβιος·
719 1334 845 1375 neque
866 1322 1030 1361 multum
1054 1320 1250 1374 refragor3
1272 1319 1340 1360 nisi
1365 1334 1498 1374 parum
1524 1319 1697 1360 interesse

428 1386 556 1426 putes,
576 1386 707 1415 utrum
725 1377 886 1428 legatur,
898 1376 987 1428 quia
999 1376 1118 1414 videri
1131 1374 1287 1429 poffunt
1299 1375 1430 1415 eadem
1443 1375 1593 1427 origine
1603 1387 1697 1427 pro-

428 1427 529 1468 fecia
546 1431 672 1475 Ἥβας,
691 1430 821 1476 Τι’βης,
843 1429 982 1475 Τίβιος,
1003 1430 1159 1481 Τίβυρος.
1187 1429 1394 1468 Minimum
1415 1441 1543 1467 tamen
1568 1427 1696 1477 abest,

428 1482 522 1534 quin
538 1483 603 1523 lib.
619 1483 692 1531 IV,
709 1497 747 1536 p.
769 1482 844 1536 298
866 1487 915 1522 A.
934 1482 1072 1522 {reivers
1089 1481 1117 1522 οἱ
1132 1482 1320 1532 Ὀα-ίσμιοί
1340 1482 1446 1530 εἰσ-ιν,
1467 1479 1528 1521 οὓς
1547 1482 1696 1532 Tufa-ioue

429 1537 598 1588 ὀνομάζει
629 1537 772 1576 Πυθέας
802 1537 1074 1590 corrigendum
1104 1535 1274 1576 censeam
1304 1536 1462 1582 Τιβίους·
1493 1534 1695 1588 postquam

428 1602 805 1630 commemoraverat
821 1591 1025 1644 Belgarum
1039 1589 1337 1639 παρωκεανιτῶν,
1347 1591 1412 1643 qui
1423 1589 1624 1630 Oceanum
1640 1600 1700 1628 at-

428 1645 581 1697 tingunt
592 1676 601 1692 ,
622 1658 768 1698 partem
784 1646 981 1694 Venetos,
1001 1655 1146 1690 monet,
1162 1657 1230 1684 eos
1242 1644 1311 1683 fibi
1322 1644 1444 1684 videri
1458 1643 1631 1682 οἰκιστὰς
1647 1638 1696 1683 εἷ-

428 1712 488 1741 ναι
508 1698 579 1738 τῶν
595 1703 699 1738 κατὰ
714 1702 775 1738 τὸν
790 1698 949 1752 Ἀδρίαν,
964 1712 1133 1752 quorum
1148 1698 1210 1737 alii
1224 1699 1438 1751 aborigines
1450 1696 1524 1737 esse
1535 1696 1697 1751 Paphla-

429 1764 553 1805 gonas
569 1753 794 1805 opinentur:
818 1752 887 1791 sa&
906 1752 951 1792 «Γὲ
972 1752 1040 1792 τήν
1060 1752 1266 1804 ὁμωνυμίαν
1283 1752 1552 1804 Παφλέιγονιις
1573 1751 1694 1801 φασὶν

427 1803 579 1846 αὐτούς·
595 1808 677 1846 inde
695 1808 906 1861 sequuntur
921 1807 959 1846 in
975 1805 1222 1859 productiore
1238 1806 1508 1859 promontorio
1521 1803 1671 1845 Osismii
1682 1836 1698 1854 ,

427 1873 529 1912 quos
541 1860 569 1900 sl
582 1862 731 1901 Timios
744 1861 949 1914 appellavit
963 1861 1143 1912 Pytheas,
1158 1860 1194 1899 id
1211 1860 1353 1899 nullam
1368 1873 1447 1912 non
1462 1869 1613 1898 tantum
1626 1872 1696 1898 au·-

427 1914 646 1954 &oritatem
669 1916 805 1962 habet,
824 1915 882 1954 sed
905 1927 975 1955 nec
998 1915 1204 1954 rationem:
1225 1913 1253 1952 sl
1269 1914 1429 1960 Tibios‚
1449 1912 1571 1953 fateor
1584 1913 1698 1966 equi-

428 1968 514 2008 dem
528 1971 718 2009 neminem
731 1982 752 2009 a
765 1982 826 2008 me
838 1967 942 2023 posse
954 1968 1114 2022 proferri
1128 1969 1259 2013 alium,
1271 1968 1338 2019 qui
1351 1980 1493 2007 nomen
1507 1967 1581 2007 hoc
1595 1966 1699 2006 usur-

427 2023 548 2075 parit:
577 2037 714 2063 verum
745 2036 820 2062 tam
843 2024 1062 2075 propinqua
1084 2022 1371 2074 Paphlagonum
1394 2022 1543 2061 mentio
1565 2021 1699 2061 conie-

427 2075 574 2116 &uram
590 2077 756 2130 suggerit
773 2078 873 2117 haud
887 2076 1086 2116 absurdam
1098 2107 1110 2122 ‚
1131 2076 1318 2128 Pytheam
1333 2073 1578 2121 existimasse,
1595 2075 1698 2114 deri-

427 2142 541 2169 vatos
564 2130 674 2171 fimul
698 2132 739 2172 &
757 2132 876 2171 (ἰὶξὶος
896 2142 937 2170 ut
951 2132 1126 2170 Venetos
1151 2143 1173 2168 a
1190 2129 1496 2183 Paphlagonibus
1513 2129 1698 2175 Venetis,

426 2183 479 2223 sic
494 2184 682 2225 Osismios
698 2186 760 2225 seu
775 2186 914 2225 Tibios
927 2198 948 2224 a
960 2185 1094 2225 Tibiis.
1111 2185 1201 2224 Hoc
1213 2195 1411 2236 utcunque
1423 2182 1483 2230 fit,
1497 2195 1583 2222 nam
1597 2183 1699 2222 alio-

427 2251 513 2277 rum
531 2239 748 2279 industriam
764 2252 981 2292 provocare
995 2240 1124 2294 potius
1138 2238 1268 2284 volui,
1282 2250 1362 2276 non
1375 2237 1468 2277 certi
1483 2236 1695 2289 quidquam

427 2293 682 2343 constituere,
698 2307 888 2347 peraeque
912 2294 1046 2332 vitiata
1071 2292 1141 2332 fuit
1163 2292 1257 2331 haec
1278 2304 1361 2331 vox
1382 2291 1420 2330 in
1439 2289 1697 2342 Theophrasti

428 2345 543 2386 Char.
560 2348 644 2387 Etb.
661 2361 691 2388 c.
711 2348 770 2387 IX
783 2379 794 2394 ,
813 2362 849 2401 p.
867 2362 934 2395 44,
950 2343 1099 2398 εὐωχοῦ
1119 2346 1243 2396 Τίμιε,
1259 2345 1383 2385 iudice
1399 2343 1582 2384 Salmafio
1594 2343 1633 2383 P.
1649 2344 1696 2383 E.

427 2413 512 2454 pag.
531 2416 599 2454 34,
620 2403 683 2441 cui
705 2413 854 2455 praeter
866 2402 1086 2453 Menagium
1101 2398 1247 2439 acceffit
1259 2399 1525 2438 Needhamus:
1543 2396 1692 2436 tametfi

427 2455 503 2493 hoc
521 2455 678 2507 quidem
693 2457 733 2494 in
748 2455 838 2495 loco
856 2455 1116 2508 patrocinium
1132 2453 1366 2493 Casaubono
1383 2453 1530 2506 parari,
1552 2451 1593 2491 δι
1608 2449 1695 2490 satis

423 2510 631 2551 commode
652 2510 838 2553 vindicari
856 2509 960 2564 poss'e
985 2509 1188 2551 leffionem
1210 2507 1406 2562 vulgatam
1427 2506 1602 2547 arbitror.
1620 2505 1700 2545 Hic
