1737 3378
384 263 453 296 xc
634 246 728 291 10.
765 243 985 289 FRED.
1027 242 1359 298 REJTQJJ

385 359 434 395 ad
451 355 540 393 alias
562 352 721 391 editiones
744 351 820 404 usui
839 351 901 403 effi
915 363 1011 404 queat
1021 366 1038 398 ;
1057 350 1148 389 hunc
1169 349 1255 388 enim
1280 347 1404 388 maiore
1424 362 1506 389 cura
1517 357 1531 396 ,‘
1551 361 1654 402 quam

386 409 528 459 reliquos
540 435 553 451 ,
576 408 788 459 compositum
807 406 873 458 effe
901 406 993 444 novi.

441 461 484 499 In
500 460 691 499 indicandis
712 473 824 500 autem
842 460 985 499 Luciani
1004 459 1112 504 locis,
1137 473 1205 496 non
1224 456 1340 508 solum
1358 456 1564 509 paginarum
1586 469 1654 494 nu-

387 528 535 560 merum,
559 526 599 552 ut
615 514 720 566 vulgo
732 515 802 566 fit,
829 514 962 554 Indices
983 513 1018 551 lzi
1040 513 1363 565 commonstrabunt;
1376 509 1442 561 sed
1461 510 1497 548 Cr
1520 509 1654 548 Dialo‹

387 581 504 620 gorum
528 568 763 620 paragraphus
778 569 854 618 five
887 568 1001 621 capita
1018 567 1127 618 simul
1149 565 1268 605 addita
1301 564 1437 615 reperies
1450 593 1464 610 ‚
1496 574 1655 602 ut·nun-

388 635 490 674 quam
504 620 634 675 frustra
651 622 702 671 fis
728 624 936 674 quaefiturus
947 637 962 669 ;
987 634 1066 659 nam
1080 623 1119 672 fi
1131 619 1226 671 forte
1252 620 1289 657 in
1313 617 1528 671 exprimendo
1549 617 1657 656 altem

391 689 525 714 numero
541 688 685 714 erratum
691 677 739 728 fit
753 677 797 714 ab
812 677 933 728 operis,
952 676 1038 713 alter
1056 686 1167 712 tamen
1181 674 1241 712 tibi
1253 674 1361 712 locum
1379 670 1657 724 commonstrabit.

451 730 507 767 Ut
532 729 636 781 igitur
658 742 717 780 ego
734 727 838 780 fiatri
868 729 1068 768 immortales
1099 729 1230 778 gratias
1254 740 1320 778 ago
1344 727 1536 778 habeoque,
1566 725 1658 777 quod

391 797 464 821 mea
481 784 595 833 gratia
623 785 788 835 molestum
815 785 904 822 hunc
928 784 1068 820 laborem
1087 780 1253 831 subierit,
1276 780 1362 819 nihil
1379 779 1538 818 reveritus
1558 778 1657 829 igno-

391 836 469 874 bilis
487 866 498 884 ,
522 849 561 874 ut
588 837 760 875 nonnullis
782 837 901 882 audit,
928 837 1031 874 huius
1057 850 1176 887 operae
1208 834 1492 887 exprobrationem
1507 862 1520 879 ,
1546 832 1597 870 ita
1621 831 1659 868 ὁ·

392 891 574 929 benevolus
596 891 710 928 Lector
722 890 793 941 sua
818 891 923 939 (ludia
952 892 1017 928 lzac
1043 904 1103 941 ope
1129 889 1250 926 adiuta
1273 900 1392 938 gratus
1418 885 1597 940 agnoscet,
1623 884 1658 922 δ’

391 943 564 996 utriusque
583 945 760 982 conatibus
784 938 925 995 benigno
944 943 1067 981 iudicio
1079 941 1223 993 favebit.
1250 941 1347 980 Vale.
1363 941 1505 978 Dabam
1519 937 1660 979 Traiebii

393 998 443 1036 ad
468 999 577 1036 Rhea.
594 998 673 1049 ipsis
691 999 843 1036 Kalend.
867 998 1032 1044 Martiis,
1053 996 1137 1034 armi
1158 1008 1227 1035 cm
1244 1007 1288 1035 ιο
1312 1007 1361 1035 cc
1375 1005 1518 1033 Χιιιι.

463 1066 500 1103 E
515 1077 600 1105 TSI
630 1082 710 1106 mox
722 1067 926 1119 stibiungam
950 1078 1071 1105 notata
1089 1064 1220 1105 Solani
1246 1067 1285 1103 de
1295 1063 1485 1116 scripturae
1506 1067 1664 1116 compend

395 1119 462 1158 'diis
475 1149 487 1165 ,
510 1120 629 1173 quibus
651 1122 819 1160 editiones
837 1121 872 1159 δ’
890 1121 1026 1160 Codices
1047 1120 1082 1158 in
1110 1122 1148 1158 V
1143 1119 1282 1158 ariantt.
1302 1118 1402 1156 Lth.
1423 1119 1663 1169 designantur,

396 1185 507 1212 tamen
533 1174 569 1212 G·
588 1175 641 1214 lzic
670 1177 854 1214 monendus
877 1190 912 1213 es
926 1204 939 1220 ,
965 1175 1068 1212 literis
1094 1173 1270 1226 quadratis
1297 1172 1435 1211 Codices
1458 1170 1662 1223 Manuscri-

395 1240 500 1280 ptos,
525 1229 734 1267 currentibus
755 1244 857 1275 vero,
882 1229 976 1281 typis
998 1229 1162 1278 vulgatas
1182 1227 1342 1265 editiones
1363 1225 1473 1264 notari
1485 1240 1504 1273 ;
1520 1222 1664 1276 exempli

398 1280 506 1332 causa
536 1281 573 1320 P.
591 1283 769 1334 fignificat
789 1283 870 1321 Poli
903 1282 1097 1321 cardinalis
1125 1280 1182 1319 vel
1203 1279 1376 1333 Perizonii
1400 1279 1597 1319 collationes
1621 1292 1666 1316 ex

402 1336 482 1375 Cod.
498 1336 563 1388 sed
586 1338 627 1374 Ρ.
653 1337 820 1390 obliquius
837 1348 1036 1382 exaratum,
1057 1335 1231 1374 editionem
1249 1334 1443 1385 Parisinam
1454 1348 1474 1380 ‚·
1501 1334 1574 1379 W2
1598 1333 1664 1370 Co-

397 1389 501 1428 dicem
528 1392 586 1427 W
582 1390 739 1429 ittianum
753 1421 765 1439 ‚
794 1392 857 1429 W.
884 1390 960 1429 edit.
985 1391 1041 1428 W
1040 1389 1245 1428 echelianam
1257 1403 1274 1436 ,·
1291 1403 1392 1440 quam
1413 1387 1529 1426 deinde
1544 1386 1666 1440 potius

394 1457 457 1496 per
484 1444 542 1480 W
537 1444 606 1482 ech.
638 1444 787 1484 indicavi
800 1459 817 1491 ,·
837 1445 902 1495 sed
923 1456 993 1483 tam
1017 1457 1094 1483 raro
1117 1442 1260 1482 occurrit
1283 1442 1355 1480 eius
1381 1441 1526 1486 mentio,
1547 1451 1665 1480 contra

401 1509 471 1535 tam
494 1495 685 1549 frequenter
713 1499 784 1536 W.
816 1499 932 1537 Codex
957 1510 1250 1543 commemoratur,
1284 1507 1324 1534 ut
1349 1494 1499 1546 confusio
1523 1509 1593 1533 non
1615 1495 1667 1545 sit

400 1552 585 1588 metuenda.
606 1551 653 1590 B.
670 1551 918 1590 Baroccianum
933 1551 1100 1597 Codkem,
1118 1551 1166 1590 B.
1188 1561 1215 1589 Ι.
1234 1550 1310 1588 edit.
1321 1548 1430 1600 Bafil.
1445 1548 1613 1600 primam,
1631 1547 1669 1586 6⁵

394 1605 448 1655 fic
467 1604 640 1656 deinceps,
665 1618 701 1643 ut
723 1605 760 1643 in
781 1606 937 1657 catalogo
954 1603 1110 1658 sequente
1122 1603 1239 1655 fufius
1264 1603 1454 1656 exponitur.
1477 1603 1532 1640 At
1547 1603 1586 1654 fi
1649 1623 1666 1630 -

403 1672 461 1696 nes
486 1672 535 1696 me
553 1658 690 1710 stetiſjet
702 1689 716 1706 ‚
737 1659 857 1712 potius
881 1659 1016 1710 integris
1032 1657 1184 1711 syllabis
1211 1660 1292 1697 haec
1313 1655 1527 1709 expreffi'ffim
1537 1685 1552 1702 ,
1616 1671 1682 1694 ar:

403 1710 491 1762 Bas:
511 1711 575 1750 &a
590 1711 764 1763 scribendo
776 1743 788 1762 ‚
807 1728 908 1764 quam
931 1712 1033 1752 unica
1049 1724 1181 1751 tantum
1198 1713 1314 1759 litera,
1329 1713 1422 1765 quod
1435 1709 1581 1749 brevitas
1605 1709 1667 1764 ista

403 1766 571 1816 negotium
578 1765 711 1818 faceffi't
725 1767 759 1805 δ’
778 1767 952 1819 corrigenti
966 1767 1002 1804 G*
1014 1766 1121 1805 leHori
1133 1781 1152 1813 ;
1164 1765 1230 1817 sed
1247 1766 1327 1819 quia
1335 1766 1390 1816 fic
1406 1775 1555 1816 coeptum
1573 1775 1667 1811 erat,

404 1834 473 1859 non
495 1818 589 1858 licuit
612 1821 694 1859 mihi
714 1821 758 1858 ab
779 1820 838 1872 isto
855 1836 942 1860 more
965 1823 1123 1859 recedere:
1144 1835 1218 1859 cum
1239 1833 1351 1858 tamen
1373 1818 1540 1865 viderem,
1563 1818 1667 1858 Sola-

403 1888 484 1912 num
511 1873 547 1912 in
568 1875 617 1913 ed.
641 1873 862 1926 Hagenoana
888 1875 1067 1913 varietates
1090 1874 1301 1913 Florentinae
1316 1872 1397 1925 sola
1420 1873 1517 1911 litera
1545 1873 1588 1911 F.
1609 1875 1667 1911 de-

394 1926 562 1979 fignaffi,
583 1927 680 1979 idque
696 1929 731 1966 G*
752 1930 1037 1982 Hernsterhufium
1047 1931 1100 1980 sic
1120 1927 1321 1980 expreffiffi,
1338 1926 1438 1980 usque
1455 1928 1505 1965 ad
1523 1926 1666 1965 medium

408 1982 502 2020 Tomi
524 1981 624 2033 pn'mi
633 1997 651 2028 ,·
677 1994 715 2020 at
736 1983 771 2021 in
786 1983 928 2021 Iuntina
953 1985 1090 2022 eundem
1106 1982 1296 2027 Solanum,
1317 1981 1353 2019 in
1376 1996 1446 2034 qua
1466 1981 1563 2032 longe
1584 1980 1667 2034 plu-

406 2051 457 2076 res
480 2035 657 2074 varietates
680 2037 864 2083 alleverat,
894 2038 946 2074 Fl.
967 2036 1113 2088 pinxzffe
1132 2051 1196 2088 pro
1221 2034 1439 2081 Florentino,
1465 2034 1500 2073 6·
1524 2034 1584 2073 Fr.
1601 2049 1667 2088 pro

405 2088 681 2140 Francoficrtana
695 2121 708 2136 ,
734 2091 773 2129 id
786 2090 907 2141 sedulo
935 2091 1050 2129 deinde
1066 2093 1119 2142 sic
1145 2089 1293 2144 distinxi.
1325 2090 1467 2143 Cumque
1493 2088 1577 2127 idem
1601 2091 1668 2127 du·-

405 2143 496 2182 bium
518 2145 620 2196 poffit
643 2144 722 2184 oriri
739 2160 785 2183 ex
795 2143 876 2196 sola
901 2145 997 2182 litera
1019 2145 1070 2182 A.
1083 2146 1172 2195 sitne
1194 2144 1327 2182 Aldina
1343 2159 1389 2181 an
1412 2142 1668 2196 Amstelodama

405 2197 622 2250 intelligenda
628 2213 652 2244 ,⁵
661 2199 735 2237 licet
748 2213 811 2251 per
833 2199 884 2238 A.
903 2197 1229 2237 Amstelodamam
1254 2199 1384 2236 denotet
1399 2196 1530 2250 Hemst.
1550 2195 1586 2234 δ’
1600 2199 1668 2236 So-

407 2252 509 2290 lanus
534 2252 723 2306 plerumque
747 2253 833 2290 Ald.
863 2254 912 2290 ad
939 2253 1082 2306 priorem
1106 2252 1200 2291 illam
1227 2254 1451 2291 denotandam
1472 2249 1667 2304 scripserit,

407 2317 517 2345 tamen
533 2306 694 2345 interdum
718 2307 754 2344 in
781 2321 817 2345 eo
841 2308 886 2345 ab
913 2306 986 2358 ipso
1011 2319 1154 2345 erratum
1181 2305 1376 2359 deprehendi
1382 2320 1403 2352 ‚·
1420 2319 1520 2358 quare
1546 2305 1582 2343 δ’
1606 2305 1668 2344 hoc

402 2361 517 2414 postea
533 2360 681 2413 distinxi,
702 2361 849 2412 integras
863 2360 1026 2413 syllabas
1044 2362 1243 2412 exprimens,
1256 2360 1323 2410 nisi
1333 2359 1390 2398 ubi
1400 2373 1557 2398 numerus
1582 2372 1616 2398 1.
1630 2372 1669 2398 2.

408 2414 555 2461 additur,
581 2426 620 2452 ut
635 2414 687 2454 Α.
703 2427 735 2454 1.
749 2414 800 2453 A.
819 2428 852 2453 2.
871 2414 964 2466 satis
981 2426 1075 2467 patet
1088 2413 1266 2453 Aldinam
1291 2413 1538 2467 intelligendam
1553 2442 1566 2459 ,
1585 2413 1665 2466 quia

410 2466 531 2507 Amst.
553 2483 621 2507 non
647 2469 697 2506 bis
715 2470 760 2521 est
771 2469 909 2520 excusa.
928 2468 984 2506 Ita
997 2469 1175 2507 varietates
1196 2467 1360 2507 Aldinae
1385 2467 1530 2522 primae
1554 2464 1678 2506 Wes·-

408 2520 624 2576 selinganae
639 2522 768 2578 semper
773 2525 827 2575 fic
844 2535 1031 2568 notantur,
1053 2534 1160 2574 marg.
1180 2522 1231 2560 A.
1252 2534 1267 2560 1
1290 2523 1354 2563 lV.
