1737 3378
381 206 478 267 456
589 201 1460 249 ANNOTATIONES

384 305 468 332 cear.
483 292 680 331 Praeterea
694 291 801 331 malo
817 290 946 331 στενὴν
960 290 1077 339 ταύτῃ
1091 291 1106 329 ὁ
1118 306 1171 344 xp.
1188 290 1273 345 ἔχει
1285 291 1351 332 τὴν
1364 292 1556 341 ἐπίβασιν,
1569 307 1656 348 pro·

382 357 467 398 pter
481 345 572 384 illud
589 360 662 384 που
674 376 685 393 ,
701 345 937 396 ἀκροποὲητί
950 359 1035 384 που.
1052 346 1214 385 HEMST.

436 407 510 442 ead.
527 406 549 442 l.
573 417 630 442 η.
645 403 750 442 Τοῦτ’
765 403 871 456 ἔφης)
887 403 984 443 Sunt
997 404 1120 442 vitrea
1135 403 1268 447 sraela,
1282 404 1323 444 δι
1333 405 1464 443 conati
1477 403 1564 444 sunt
1574 406 1661 445 evi-

382 467 463 496 tare
478 459 714 510 interpretes.
732 457 804 497 Sed
824 457 1028 497 annotavit
1048 468 1175 510 pater,
1193 461 1235 495 τὶ
1253 456 1558 498 κατελεησαντας
1571 459 1657 498 ἀντὶ

382 510 450 550 σοῦ
467 510 836 551 amo-mammam
847 543 858 560 ‚
873 524 917 550 ut
931 512 1149 550 Mercurius
1165 510 1354 550 Charonti
1375 512 1414 550 in
1433 511 1658 566 Contempl.

382 566 489 604 τουτὶ
507 569 548 604 τὸ
562 564 730 619 ’πρᾶγμα
744 577 855 618 πλη)
866 565 911 605 ὧν
924 568 1042 603 oti-nov
1057 563 1350 605 καταστησεταί
1359 580 1435 615 μοι.
1455 565 1602 606 GRON.

437 626 515 665 ibid.
531 629 577 664 Tb
595 627 883 674 κατελεησατε)
906 624 1107 678 Ingeniose
1126 626 1152 665 l.
1169 626 1230 665 Fr.
1251 625 1492 666 Gronovius.
1515 627 1658 667 Melius

382 687 512 719 tamen
527 710 537 728 ‚
556 693 599 720 ut
622 681 788 719 arbitror
801 710 813 726 ,
834 680 945 719 locus
961 680 1115 718 habebit
1139 679 1308 727 resectis,
1327 691 1507 734 tanquam
1531 681 1656 720 inutili

382 733 619 782 assumento,
640 737 683 772 τὸ
706 731 985 774 naumann.
1009 733 1125 773 Unde
1150 746 1282 773 natum
1307 734 1374 782 sit,
1402 735 1580 788 proclive
1602 734 1656 774 est

383 788 710 827 animadvertere:
726 786 969 840 adscripserat
981 787 1118 840 aliquis
1130 787 1175 826 ad
1188 786 1291 827 τοῦτ’
1304 788 1401 837 ἔφης,
1415 791 1457 826 τὸ
1472 790 1657 828 ›tarem-{¹-
1682 806 1687 810 -

383 855 483 880 σατε
494 873 504 889 ,
525 840 898 888 commonefaciens,
912 841 986 881 hoc
1000 841 1182 880 nimirum
1195 854 1243 880 ex
1255 840 1513 894 superioribus
1526 843 1657 882 verbis

381 893 456 934 effe
471 895 778 948 intelligendum:
802 895 1010 942 deleveris,
1030 895 1103 933 iam
1119 895 1208 933 nihil
1223 896 1389 948 amplius
1407 896 1452 935 ad
1469 897 1546 935 inte
1573 909 1656 936 ram

382 949 602 988 orationem
617 950 811 1001 requireS,
831 949 1043 988 dummodo
1065 949 1150 987 vice
1165 946 1234 987 τοῦ
1252 947 1439 989 scribatur
1458 908 1658 990 coiiffiial.

381 1001 504 1041 Deor.
526 1002 562 1042 I:
585 1003 696 1041 τοῦτο
712 1004 800 1052 φὴς,
811 1002 1063 1042 ἐκπεσεῖσθαί
1071 1017 1122 1052 με
1137 1000 1203 1040 τῆς
1217 1001 1357 1054 ἀρχῆς.
1382 1004 1546 1043 ΗΕΜςΤ.

435 1062 509 1100 ead.
521 1060 545 1100 l.
567 1073 625 1112 15.
640 1061 710 1100 Καὶ
731 1063 874 1101 ἀλλους
893 1059 980 1113 δύο)
997 1063 1077 1101 Nos
1093 1064 1220 1101 ambos.
1234 1063 1374 1102 BROD.

435 1121 471 1159 in
486 1123 601 1160 Schol.
618 1120 926 1174 Ἀποτέτμηταιι)
942 1123 983 1161 L.
999 1120 1301 1173 ἁποτέτμηντσιι.
1316 1120 1363 1161 C.
1377 1120 1462 1160 abb.
1486 1120 1658 1162 ἀποτετ-

379 1176 547 1225 μημέναι
567 1176 609 1215 &
630 1176 673 1213 V.
688 1176 846 1215 SOLAN.

435 1234 528 1287 Pag.
551 1248 563 1272 ι
575 1249 632 1288 39.
648 1235 671 1273 l.
688 1249 722 1273 2.
736 1234 804 1273 Tim
818 1233 962 1288 ἑτέραν)
979 1233 1090 1284 Χεῖρα
1106 1233 1301 1274 subaudio.
1319 1233 1461 1274 BROD.

436 1288 514 1326 ibid.
542 1286 797 1340 Κατειληφθω)
811 1290 912 1328 Vide
933 1287 1111 1328 eruditiss.
1135 1288 1344 1328 Dukerum
1371 1289 1416 1328 ad
1432 1287 1657 1342 Thucydid.

380 1340 505 1387 VIII,
526 1342 589 1395 63.
605 1343 769 1381 HEMST.
783 1343 868 1395 Pag.
883 1343 939 1382 ed.
958 1343 1043 1396 Bip.
1060 1345 1130 1382 261
1151 1342 1203 1396 sq.
1220 1342 1313 1381 Vol.
1331 1343 1383 1381 V.

435 1403 509 1438 ead.
523 1401 545 1438 Ι.
558 1416 594 1449 4.
614 1400 768 1452 Πάντα)
784 1401 962 1454 Legerim
974 1399 1105 1441 ταῦτα
1116 1432 1127 1450 ,
1141 1415 1178 1440 ιιι
1191 1402 1273 1439 haec
1289 1401 1415 1439 lzabeas
1430 1415 1440 1438 :
1457 1413 1545 1439 nam
1558 1400 1655 1442 πάν-

381 1467 435 1493 τα
449 1453 544 1493 nihil
559 1455 620 1494 hic
635 1454 829 1507 significat.
849 1449 973 1495 CLER.

438 1514 514 1552 ead.
529 1515 552 1553 l.
579 1528 610 1567 5.
626 1513 874 1567 Πλαστικῆς)
892 1517 998 1567 Quod
1007 1514 1156 1553 homines
1171 1530 1186 1552 e
1201 1513 1435 1565 Iutofinxeris.
1449 1512 1588 1552 BROD.

435 1574 507 1610 ead.
530 1573 553 1610 l.
582 1586 642 1628 ῃ.
664 1571 791 1612 Ὀστᾶ
812 1571 996 1622 καλύψας
1022 1571 1156 1624 ἀργέτι
1182 1570 1318 1624 δημῷ)
1341 1571 1447 1610 Idem
1465 1571 1511 1610 de
1533 1571 1656 1613 Merc.

381 1625 494 1666 cond.
522 1625 635 1665 habet
652 1638 780 1666 autem
802 1625 1086 1666 accusationem
1101 1638 1257 1664 omnem
1275 1625 1373 1666 hanc
1387 1625 1436 1663 ab
1456 1623 1614 1665 Hefiod.
1635 1639 1653 1664 ι

381 1679 459 1733 ἐργ.
474 1680 646 1720 BOURD.
662 1681 816 1734 Theog.
843 1694 934 1734 540:
949 1679 1007 1729 Τῷ
1025 1679 1065 1718 ‹5'
1080 1671 1167 1718 αὖτ’
1182 1680 1295 1719 ὀστέα,
1311 1681 1431 1719 λευκὰ
1452 1679 1532 1723 βοὸς
1549 1678 1655 1731 θαλίῃ

380 1733 446 1773 ἐπὶ
460 1739 581 1786 τέχνη
607 1730 800 1774 Εὖθετίσιις
821 1733 1031 1780 κατέθηκε,
1051 1732 1239 1783 καλύψας
1260 1734 1395 1787 ἀργέτι
1421 1731 1543 1783 ἒημῷ.
1563 1733 1655 1774 Mo·

380 1788 528 1828 nendus
540 1800 667 1828 autem
684 1788 819 1834 lector,
832 1787 1058 1828 Pausaniam
1071 1787 1128 1827 IX
1148 1787 1292 1841 putaffe
1306 1789 1382 1828 hoc
1396 1799 1496 1841 opus
1513 1786 1654 1828 Hesio-

380 1841 495 1882 deum
511 1856 592 1883 non
607 1841 693 1882 effe.
707 1844 759 1882 V.
775 1845 941 1883 Kennet.
955 1842 1113 1882 SOLAN.

436 1906 510 1942 ead.
526 1904 550 1942 l.
571 1918 584 1942 1
595 1918 630 1942 2.
644 1903 794 1958 Ἀργέτι
809 1902 947 1956 Σημᾷ)
969 1903 1067 1942 Alba
1079 1902 1289 1956 pinguedine.
1302 1901 1403 1941 Vide
1416 1902 1602 1955 Higinum
1616 1901 1657 1944 in

379 1954 536 2009 Sagitta.
547 1957 688 1997 BROD.

434 2016 514 2054 ibid.
531 2015 728 2069 Ἡσιόὸου)
748 2014 905 2055 Hefiod.
927 2014 965 2054 in
982 2015 1134 2068 Theog.
1158 2026 1252 2068 541:
1273 2037 1318 2045 —
1333 2013 1512 2055 κατέθηκε
1529 2015 1654 2056 καλύ-

381 2067 466 2120 ψας
478 2070 614 2122 ἀργέτι
629 2069 752 2119 salt-93.
765 2070 906 2109 BROD.

435 2132 509 2168 ead.
522 2129 544 2167 l.
558 2123 843 2180 4ῃὲῑῖἱίκλεκμεις)
855 2128 1005 2168 Omnes
1015 2127 1099 2166 libri
1111 2127 1251 2167 habent
1263 2126 1429 2177 κλέψας,
1440 2127 1546 2180 quod
1558 2140 1651 2168 curn

378 2181 470 2222 ferri
492 2195 573 2221 non
596 2181 737 2234 posset,
755 2180 825 2220 nisi
851 2182 912 2221 ml
939 2181 1098 2234 sequens
1113 2181 1295 2229 deleatur,
1311 2181 1362 2220 fic
1385 2182 1648 2229 mutavimus;

379 2248 510 2290 neque
522 2236 628 2276 litem
649 2236 766 2276 credo
781 2236 891 2275 nobis
903 2249 948 2275 ea
966 2236 1012 2275 de
1026 2248 1067 2275 re
1086 2249 1319 2288 quemquam
1342 2246 1539 2276 moturum
1551 2265 1562 2280 ‚
1579 2237 1649 2288 qui

379 2303 460 2330 non
474 2290 520 2329 fit
533 2290 668 2329 harum
683 2290 957 2342 elegantiarum
973 2289 1126 2342 prorsus
1136 2303 1274 2343 expers
1301 2291 1399 2329 Vide
1411 2295 1454 2328 Θ.
1470 2296 1517 2328 Δ.
1532 2288 1561 2328 I.
1574 2289 1650 2329 So-

381 2355 480 2384 LAN.
500 2344 655 2397 Religio
668 2345 759 2383 mihi
774 2344 844 2383 fuit
857 2343 934 2385 fine
948 2344 1158 2384 Codicibus
1171 2345 1211 2382 in
1226 2343 1392 2383 lectione
1406 2344 1528 2394 proba
1540 2344 1650 2396 quid-

380 2411 499 2450 quam
520 2409 676 2438 tentare.
697 2398 924 2437 Benedicius
937 2399 1049 2437 etiam
1070 2398 1210 2444 vertit,
1229 2398 1334 2450 quasi
1348 2397 1527 2437 voluiffet
1540 2397 1647 2438 ἔκλε·

378 2451 478 2500 ψας·
490 2451 634 2503 fhratus
649 2469 682 2491 es
692 2482 704 2498 ,
721 2452 756 2489 6²
769 2453 960 2491 hominibus
974 2453 1108 2505 dedisti.-
1129 2452 1315 2491 debuerat
1325 2483 1336 2500 ‚
1354 2454 1463 2504 ignem
1476 2451 1620 2503 filratus
1631 2480 1646 2498 ,

378 2506 475 2548 illum
486 2508 586 2548 etiam
596 2507 786 2548 hominibus
800 2507 922 2561 dedcfli.
945 2506 962 2557 ᾗ
984 2507 1020 2548 6.
1044 2505 1282 2548 Artemidor.
1302 2505 1376 2558 111,
1401 2520 1467 2562 17:
1483 2505 1548 2546 καὶ
1563 2507 1647 2560 γᾶς
