1737 3378
399 203 491 266 360
599 194 1478 241 ANNOTATIONES

395 284 542 333 πάτρα.
560 280 681 320 Simul
693 294 741 320 ex
755 281 810 320 his
821 290 927 333 patet
937 310 950 327 ‚
966 293 1152 334 perquam
1167 278 1288 319 facete
1301 279 1512 319 Lucianum
1524 278 1668 332 Olym⁴

383 356 386 360 ·
425 337 466 374 io
485 335 619 374 Pericli
640 334 810 374 tribuisse
827 334 944 374 talem
968 333 1142 387 phrasin,
1160 347 1260 387 quae
1283 334 1420 374 Iovem
1439 333 1667 388 ceterosque

441 402 509 428 eos
524 389 662 428 eximie
681 389 850 428 decebat.
868 389 1031 428 HEMST.

450 446 526 482 ead.
549 444 574 483 l.
606 457 664 482 10.
690 444 748 483 Εἰς
770 446 810 480 τὸ
829 441 1018 495 ἀνάκειον)
1034 441 1135 480 Vide
1158 441 1263 482 Suid.
1285 441 1326 481 &
1349 439 1520 492 Hesych.
1542 440 1670 480 verbo

396 492 563 536 ἅνακοις.
573 497 747 537 Bounn.
762 497 860 537 Tem
867 498 972 551 plum
987 495 1154 536 Castoris
1166 496 1206 534 &
1217 495 1400 535 Pollucis:
1421 494 1551 534 ἀνοικοὶ
1564 495 1670 534 enim

396 549 603 603 θοίνα-κουροι
621 554 730 604 παρὰ,
749 549 946 589 Ἀττικοῖς.
961 552 1126 591 VORST.
1141 549 1349 589 Addendus
1363 550 1403 589 δι
1424 549 1486 588 hic
1502 549 1614 588 locus
1626 548 1672 586 il-

396 604 442 644 lis
460 604 535 653 est,
555 619 654 658 quae
674 606 721 644 ab
737 604 941 644 Maufl‘aco
956 604 1137 657 percloffile
1155 614 1338 643 notantur
1354 603 1401 642 ad
1417 603 1513 642 hanc
1525 614 1670 642 vocem

397 659 439 697 in
460 660 783 712 Harpocratione.
811 659 936 710 Quod
966 670 1172 712 propterea
1197 670 1366 704 moneo,
1387 666 1431 696 ut
1456 657 1553 696 vites
1577 668 1670 696 cum
1701 680 1708 687 ,

397 712 591 766 prioribus
607 713 879 765 interpretibus
894 724 1046 752 vertere
1061 713 1097 751 ἱη
1113 713 1257 764 Οα]ι·ὀής
1270 713 1304 750 ἃ
1321 711 1476 750 Pollucis
1490 711 1646 763 templum
1656 737 1671 757 ‚

398 778 467 806 aut
493 781 583 807 cum
610 767 737 805 Fabro
761 767 795 804 in
824 768 995 820 Castorum
1018 770 1156 812 aedem,
1179 779 1261 819 quo
1285 766 1338 805 nil
1361 764 1546 804 nasutius.
1567 764 1673 803 Vera

399 821 502 859 enim
522 820 617 866 effe,
639 834 740 874 quae
757 820 936 859 observat
950 819 1193 867 Maussacus,
1213 819 1375 868 censeo,
1395 820 1436 858 &
1457 819 1568 872 plane
1588 817 1677 862 illos

396 870 582 914 Ἄνακτες
598 888 646 913 ex
659 873 853 913 Cicerone
867 874 1147 927 intelligendos,
1161 883 1206 912 ut
1222 874 1275 912 nil
1287 885 1494 914 commune
1509 871 1676 911 habeant

403 941 492 976 cum
511 927 678 969 alior‘um
695 927 937 968 Graecorum
953 941 1017 967 aut
1034 928 1261 967 Latinorum
1277 926 1438 967 Castore
1458 926 1498 966 ὅ(
1512 925 1677 966 Polluce

404 975 471 1020 vel
485 981 731 1029 Castoribu53
748 995 849 1035 quos
864 981 952 1021 sane
973 995 1063 1021 cum
1088 983 1247 1020 innuere
1271 981 1359 1020 vult
1385 980 1541 1027 auctor,
1560 980 1678 1019 novit

403 1035 468 1075 ille
488 1036 741 1088 Διοσκούρους,
761 1048 803 1075 ur
824 1047 981 1089 apparet
1003 1049 1050 1075 ex
1071 1035 1227 1087 dialogo
1247 1035 1293 1074 de
1311 1033 1521 1074 saltatione.
1540 1033 1678 1087 Itaque

403 1089 504 1128 idem
524 1089 728 1129 observari,
744 1090 856 1129 debet
875 1091 913 1129 in
939 1089 1280 1128 Reviviscentibus
1301 1102 1336 1128 c.
1360 1103 1434 1137 42,
1455 1088 1525 1127 ubi
1547 1086 1680 1128 rursus

403 1143 586 1183 dicuntur
609 1143 641 1182 οἱ
658 1144 703 1182 ese
720 1144 785 1182 καὶ
800 1147 889 1195 προς
904 1146 946 1182 τὸ
964 1142 1134 1183 ἀνάκειον
1154 1143 1361 1194 προθέμενοι
1378 1142 1586 1192 κλίμακας.
1602 1142 1679 1181 Μὶ-

402 1210 472 1236 ror
491 1209 620 1237 autem
644 1211 713 1243 ea,
733 1211 833 1251 quae
856 1197 1056 1236 observari
1077 1197 1192 1236 video
1213 1197 1258 1236 ad
1281 1196 1547 1249 praecedentia
1566 1190 1681 1248 ὑπερ·

405 1250 509 1304 ἔσχε
519 1254 602 1304 γὰρ
615 1247 732 1290 αὐτοῦ
745 1252 810 1290 τὴν
822 1252 937 1305 χεῖρα
948 1250 1144 1304 Περικλῆς,
1157 1250 1263 1304 quasi
1276 1252 1312 1290 id
1325 1250 1524 1303 respiceret
1537 1249 1584 1288 ad
1594 1263 1682 1289 ora-

403 1306 521 1344 tionis
534 1306 884 1358 pronuntiandique
896 1305 1043 1359 gestum
1053 1335 1065 1353 ‚
1083 1306 1124 1345 &
1137 1318 1215 1345 non
1230 1306 1344 1345 unice
1356 1306 1401 1344 ad
1416 1304 1681 1359 patrocinium

406 1371 454 1398 ac
468 1360 650 1406 tutelam,
669 1373 719 1399 eo
735 1360 877 1407 modo,
895 1373 977 1412 quo
995 1358 1303 1399 excellentissime
1320 1360 1355 1398 id
1371 1359 1521 1398 notavit
1536 1357 1682 1397 familia

406 1412 573 1452 Aemilia
588 1414 624 1452 in
641 1427 803 1453 nummo
815 1444 826 1461 ,
847 1414 1031 1466 Lepidum
1046 1425 1214 1452 tutorem
1231 1415 1338 1465 pueri
1353 1412 1560 1452 Ptolemaei
1575 1412 1684 1450 exhi-

406 1465 537 1505 bente.
557 1467 704 1507 GRON.
728 1467 829 1506 Cum
856 1467 885 1507 1.
911 1467 1145 1507 Gronovius
1168 1466 1409 1507 Mauffacum
1431 1465 1610 1506 laudabat
1634 1465 1684 1506 ad

407 1519 607 1573 Harpocr.
624 1522 662 1560 in
680 1521 874 1568 Ἀνάκειον,
896 1522 1069 1561 nondum
1091 1522 1237 1561 viderat
1249 1553 1259 1569 ‚
1277 1534 1378 1574 quae
1396 1519 1576 1561 adversus
1596 1519 1684 1571 sen-

407 1575 569 1614 tentiam
584 1576 666 1615 eius
680 1575 940 1622 confidenter,
959 1588 1002 1616 ut
1015 1575 1129 1625 solet,
1149 1577 1385 1620 venditatam
1399 1576 1544 1616 erudite
1559 1573 1685 1629 dispu-

407 1638 486 1668 tata
502 1628 588 1668 funt
604 1630 652 1669 ab
669 1631 788 1670 Henr.
808 1630 964 1670 Valefio
985 1644 1022 1684 p.
1038 1645 1126 1681 225.
1144 1631 1318 1671 Eundem
1339 1643 1512 1671 errorem
1526 1630 1685 1670 notavit

406 1684 525 1723 etiam
549 1684 628 1724 Iac.
649 1684 773 1725 Oizel.
795 1685 841 1724 ad
858 1685 1003 1725 Minue.
1025 1684 1139 1724 Felic.
1163 1698 1247 1739 pag.
1269 1685 1354 1724 126.
1372 1685 1436 1725 De
1455 1683 1684 1737 Διοσκούροις

408 1738 523 1790 &vait
539 1738 700 1780 studiose
714 1738 848 1779 Davis.
864 1739 909 1778 ad
924 1738 1106 1779 Ciceron.
1125 1739 1170 1778 de
1184 1740 1233 1779 N.
1253 1739 1304 1778 D.
1324 1739 1400 1786 111,
1425 1752 1487 1778 21.
1501 1739 1548 1778 de
1573 1740 1685 1777 Ἀνοι-

408 1792 495 1841 ’κείῳ
520 1793 662 1833 Meurs.
685 1794 826 1834 Athen.
850 1793 934 1833 Att.
958 1793 1000 1840 Ι,
1020 1807 1056 1843 7.
1080 1806 1222 1848 quem,
1245 1794 1297 1832 ibi
1319 1805 1400 1833 non
1421 1806 1497 1832 una
1515 1793 1600 1832 vice
1623 1791 1686 1831 la-

408 1846 589 1893 bentem,
608 1849 768 1888 Luciani
788 1848 874 1887 loca
892 1847 1096 1900 fugerunt:
1117 1848 1218 1888 hunc
1238 1846 1359 1900 ipsum
1380 1847 1506 1886 attulit
1526 1847 1684 1899 Menag.

411 1901 459 1940 ad
473 1900 641 1954 Diogen.
663 1903 705 1944 L.
726 1903 784 1949 11,
813 1916 871 1942 12.
892 1902 979 1941 Fuit
995 1913 1124 1941 autem
1140 1901 1322 1941 Ἀνακεῖον
1339 1900 1531 1941 vetustum
1544 1931 1556 1949 ‚
1575 1901 1703 1954 quod,

411 1953 491 1994 hoc
506 1956 667 2008 proprio
681 1957 840 1996 nomine
855 1955 906 1995 fic
925 1956 1150 2002 dicebatur,
1170 1956 1209 1994 in
1229 1954 1313 2007 asty
1325 1987 1336 2005 ‚
1354 1966 1397 1995 ut
1414 1956 1565 2009 liquido
1578 1965 1684 2009 patet

413 2020 463 2047 ex
481 2008 665 2061 Thucyd.
684 2011 807 2055 VIII,
827 2024 890 2063 93.
910 2010 1099 2049 Andocid.
1120 2009 1202 2062 περὶ
1228 2009 1300 2049 τῶν
1324 2014 1446 2049 Μυστ.
1466 2024 1505 2063 p.
1527 2024 1567 2061 7,
1590 2023 1630 2049 v.
1645 2024 1686 2063 9.

411 2061 569 2102 Lucian.
582 2064 707 2109 Ἀναβ.
728 2063 744 2113 §
765 2078 828 2113 42.
844 2076 934 2102 nam
952 2063 1051 2103 aliud
1065 2076 1148 2103 erat
1163 2064 1287 2103 multo
1301 2064 1495 2103 recentius
1508 2063 1686 2103 Διοσκού-

411 2131 478 2168 ρων
498 2116 586 2166 ἱερὸν
608 2118 645 2156 in
662 2118 831 2158 Piraeeo.
848 2117 1033 2171 Equidem
1051 2131 1129 2157 non
1145 2118 1303 2164 dubito,
1326 2119 1422 2171 quin
1441 2118 1589 2158 Anacei
1610 2117 1686 2158 ful-

412 2171 520 2209 mine
534 2171 596 2212 iffi
609 2172 952 2225 conflagrationem
968 2172 1015 2210 ab
1030 2171 1183 2211 historia
1198 2171 1369 2211 sumserit
1382 2172 1574 2212 Lucianus
1585 2202 1596 2219 ,
1613 2185 1685 2212 cu-

411 2224 472 2263 ius
487 2227 718 2265 memoriam
733 2240 781 2266 ex
800 2237 859 2265 tot
873 2225 1128 2266 Comicorum
1140 2257 1151 2273 ‚
1169 2227 1236 2280 qui
1249 2239 1354 2266 nunc
1369 2227 1566 2280 perierunt
1577 2257 1589 2274 ,
1609 2239 1685 2265 nu-

413 2291 525 2317 mero
547 2280 675 2330 potuit
695 2294 797 2320 unus
818 2281 955 2333 aliquis
976 2280 1084 2320 facile
1108 2280 1358 2320 conservasse.
1382 2279 1575 2319 Eiusmodi
1596 2278 1685 2320 sunt

410 2333 514 2384 apud
533 2334 624 2372 artis
639 2334 871 2374 Rhetoricae
891 2334 1088 2387 magistros
1106 2347 1185 2374 non
1201 2347 1342 2385 pauca,
1365 2335 1410 2374 de
1429 2334 1592 2387 quibus,
1613 2332 1683 2373 etfi

409 2387 538 2438 prima
561 2385 687 2439 specie
703 2388 791 2428 fieta
809 2389 931 2428 videri
949 2401 1112 2442 queant,
1132 2389 1229 2428 idem
1250 2388 1413 2428 statuere
1430 2388 1527 2428 licet.
1545 2387 1681 2428 Veluti

409 2441 516 2492 quod
534 2441 700 2494 legimus
723 2444 761 2482 in
782 2444 1031 2496 Hermogene
1050 2444 1095 2482 de
1114 2442 1197 2482 Inv.
1222 2443 1259 2490 I,
1283 2457 1320 2495 p.
1344 2442 1418 2491 86,
1444 2442 1489 2481 de
1514 2442 1589 2482 hoc
1610 2454 1683 2481 no-

407 2494 486 2536 stro
500 2494 665 2538 Pericle:
689 2493 829 2552 ἠνέχθη
850 2499 1022 2540 σκηπτὸς
1041 2496 1105 2539 ἐπὶ
1122 2497 1189 2540 τὴν
1208 2496 1427 2551 Περικλέους
1441 2496 1593 2552 embra,
1611 2495 1681 2544 aaz)
