1737 3378
440 249 615 288 xxxw
749 230 848 276 DE
890 231 1221 288 AETATE,
1264 231 1437 277 VITA

504 347 612 389 Non
625 342 850 386 habemus
865 339 1112 393 historiam,
1131 355 1274 398 quam
1293 338 1613 399 conscripserat
1631 338 1690 385 de

439 409 637 455 Sostrato
658 406 853 450 Boeotio
882 404 1163 464 philosopho
1193 403 1276 447 illis
1300 404 1591 463 temporibus
1615 419 1692 448 ce·-

441 471 759 526 lebratiffimo‚
781 468 897 528 (vid.
921 468 1100 512 Lucian.
1125 466 1398 523 Demonast
1425 469 1449 526 §
1476 467 1538 525 1.)
1560 468 1692 512 cuius

441 538 534 582 vita
555 536 757 580 maxime
783 533 896 576 dura
917 531 1004 575 fnit
1023 543 1165 590 atque
1184 531 1354 576 austera
1371 567 1384 588 ,
1416 532 1456 576 81:
1475 531 1605 576 cuius
1622 533 1693 576 vi-

441 617 494 646 ce
520 600 593 644 alii
618 611 775 644 contra
801 611 994 640 omnem
1025 595 1254 639 rationem
1278 608 1422 655 atque
1445 591 1694 640 aufflorita·

441 677 537 709 tem
565 664 716 707 eidem
736 662 952 706 tribuunt
975 659 1119 704 vitam
1145 660 1385 718 Apollonii
1407 659 1659 720 Tyanenfis
1674 693 1690 716 ‚

441 745 587 789 quam
609 726 902 772 Philostratus
919 723 1118 784 reliquit.
1138 721 1271 787 (lsoſj'
1289 724 1399 767 Hist.
1416 724 1493 769 Gr.
1515 723 1565 768 L.
1585 739 1606 768 Q
1622 758 1635 780 ‚
1654 739 1694 769 c.

448 808 528 850 15,
551 804 595 852 p.
620 806 703 850 233
730 788 769 833 80
790 805 893 848 234-

506 856 723 918 Eunapius
737 870 801 914 pr.
819 870 862 913 p.
885 867 901 896 1
915 867 936 896 Q
958 850 997 896 Sc
1018 866 1066 909 13
1083 850 1314 905 asseverat,
1332 853 1481 907 hunc,
1498 852 1581 910 qui
1597 862 1694 896 tam

442 936 588 982 pauca
611 917 874 977 composuit
894 916 1001 961 seria
1021 932 1158 975 opera
1173 950 1185 970 ,
1211 912 1450 960 allelorem
1469 914 1553 960 esse
1570 916 1695 961 vitae

441 983 706 1046 philosophi
731 977 1027 1026 Demonafflis
1045 1014 1057 1034 7
1092 979 1222 1023 cuius
1245 995 1328 1039 per
1356 981 1554 1042 longum
1573 991 1696 1026 tem-

439 1049 565 1110 poris
589 1048 785 1107 spatium
816 1045 1064 1104 discipulus
1099 1043 1247 1087 fuerit.
1294 1044 1418 1088 Eum
1445 1044 1695 1100 omnium,
1736 1079 1737 1082 η

442 1129 563 1172 quos
575 1111 773 1165 noverit,
790 1110 1050 1153 maximum
1069 1108 1203 1152 nobis
1220 1107 1557 1168 philosophum
1575 1107 1694 1153 facit.
1736 1099 1737 1114 ³

442 1177 635 1222 Interim
655 1185 865 1234 apparet,
881 1173 1086 1218 eundem
1106 1184 1264 1216 tamen
1283 1172 1433 1216 modo
1455 1171 1583 1216 fuisse
1599 1173 1694 1234 Cy-

445 1242 605 1286 nicum
636 1240 928 1298 aliquantum
960 1236 1288 1280 humaniorem
1321 1252 1372 1281 ac
1405 1236 1546 1298 magis
1572 1237 1696 1296 poli-

443 1319 566 1360 tum,
591 1320 732 1363 quam
753 1314 939 1347 ceteros.
962 1302 1086 1360 (Luc.
1103 1301 1139 1344 V
1145 1301 1193 1344 it.
1214 1300 1413 1345 Demon.
1434 1316 1470 1345 c.
1488 1317 1534 1360 3,
1555 1318 1578 1358 4
1597 1299 1695 1362 8cc.)

442 1369 633 1414 Nullam
649 1367 923 1428 religionem
938 1361 1303 1425 amplefiebatur
1319 1399 1331 1420 ‚
1350 1375 1431 1409 aut
1449 1376 1574 1410 certe
1589 1366 1696 1410 nula

441 1435 469 1478 li
496 1433 593 1478 satis
612 1431 805 1476 favebat.
833 1430 1007 1491 [Verba
1023 1430 1068 1473 T
1070 1429 1315 1473 illemontii
1342 1441 1493 1473 erant:
1514 1431 1559 1474 Il
1581 1431 1696 1475 avoit

435 1514 520 1561 peu
543 1514 595 1541 ou
610 1499 731 1560 point
747 1497 795 1539 cle
813 1495 990 1553 religion
1004 1529 1017 1541 ,
1043 1492 1082 1537 Sc
1107 1504 1160 1537 ut
1183 1493 1231 1536 id
1252 1492 1561 1550 demonstret,
1583 1495 1695 1538 alle-

441 1573 519 1624 gat
536 1560 716 1604 Demon.
741 1576 786 1619 p·
811 1572 897 1616 547
934 1557 1003 1602 ed.
1023 1558 1116 1601 Par.
1145 1558 1172 1601 i,
1196 1573 1232 1600 e.
1266 1559 1336 1618 §5
1372 1557 1585 1602 editionis
1607 1574 1695 1603 no-

444 1626 576 1675 strae3
615 1623 694 1669 sed
726 1625 886 1667 locum
909 1621 1167 1682 inspicienti
1189 1621 1394 1682 patebit,
1424 1637 1521 1667 non
1549 1623 1599 1667 id
1624 1623 1694 1667 di-

438 1706 545 1734 cere
567 1689 850 1741 Lucianum‚
884 1699 938 1731 ut
966 1686 1026 1730 ad
1051 1686 1195 1730 finem
1224 1687 1360 1730 huius
1387 1687 1507 1730 vitae
1542 1687 1694 1732 osten-

443 1754 584 1814 dam.]
608 1752 740 1812 quod
765 1764 922 1796 tamen
940 1751 987 1794 in
1007 1766 1062 1794 eo
1086 1751 1288 1794 melioris
1307 1761 1444 1795 notae
1461 1751 1522 1795 est
1537 1786 1548 1807 ,
1569 1753 1617 1796 in
1635 1768 1693 1797 eo

443 1818 643 1863 confistit
657 1852 668 1872 7
692 1815 824 1876 quod
837 1817 959 1859 claro
976 1816 1080 1859 loco
1100 1826 1256 1869 natus,
1276 1815 1435 1873 (Dem.
1450 1832 1490 1860 .c.
1510 1818 1576 1876 3.)
1595 1817 1696 1877 opi-

443 1883 641 1941 busque
657 1880 922 1940 eloquentia
942 1895 990 1923 ac
1010 1880 1194 1923 scientia
1211 1875 1470 1935 inffiuflus,
1487 1881 1616 1939 (ib.·c.
1633 1882 1699 1941 6.)

442 1950 619 1992 interea
648 1946 815 1989 duram
849 1961 899 1988 ac
930 1959 1188 2003 pauperem
1217 1945 1307 2006 egit
1335 1945 1477 1988 vitam
1497 1979 1508 2000 ‚
1543 1946 1699 1990 ne'mi-·

442 2028 554 2057 nem
577 2011 659 2055 fibi
689 2011 893 2054 asciscere
920 2010 1106 2064 volem,
1131 2009 1214 2067 qui
1240 2009 1277 2052 ei
1299 2008 1583 2055 'ministraret
1613 2020 1695 2055 aut

442 2077 640 2121 serviret.
665 2075 751 2134 (ib.
775 2091 808 2118 c.
828 2075 895 2133 5.)
921 2072 1013 2117 Sed
1036 2073 1135 2117 finis
1160 2073 1295 2117 huius
1316 2072 1588 2132 splendidae
1602 2075 1695 2120 vir-'-

441 2141 554 2185 tutis
582 2139 694 2194 fuit,
721 2138 855 2198 quod
886 2138 1049 2181 videns
1077 2138 1120 2181 se
1150 2138 1455 2182 centesimum
1486 2139 1580 2185 fere
1611 2155 1695 2184 an-

442 2215 561 2250 num
577 2216 791 2267 agentem
811 2202 984 2248 auxilio
1000 2201 1182 2246 alterius
1194 2202 1421 2265 indigere,
1436 2212 1523 2249 nec
1540 2205 1694 2265 ipsum

438 2270 521 2314 fibi
549 2269 746 2328 amplius
770 2267 1018 2312 ministrare
1045 2265 1169 2326 poffe
1190 2301 1202 2322 ‚
1236 2266 1357 2311 fame
1386 2267 1695 2314 interire'ma->

439 2335 590 2379 luerit.
613 2335 674 2394 (c.
695 2333 751 2390 65
771 2327 926 2392 8566.)
956 2331 1100 2375 Natus
1129 2343 1222 2375 erat
1243 2331 1412 2391 Cypri,
1438 2333 1498 2393 (c.
1525 2335 1591 2395 3.)
1609 2332 1696 2378 sed

439 2399 585 2445 vitam
606 2398 819 2461 transegit
843 2396 1056 2451 Athenis,
1081 2398 1142 2456 (c.
1163 2410 1177 2438 1
1195 2398 1256 2456 1.)
1278 2396 1441 2456 ibique
1459 2398 1576 2443 obiit
1593 2402 1693 2442 rna-

439 2480 530 2528 gna
550 2479 659 2508 curn
685 2461 1019 2506 existimatione
1044 2460 1422 2518 Atheniensium,
1441 2473 1538 2508 tam
1556 2464 1607 2508 i‘n'
1622 2464 1698 2510 viss·

440 2541 507 2588 ta,
532 2544 674 2589 quam
694 2528 794 2588 post
813 2537 1026 2571 mortem.
1047 2526 1128 2585 (ib.
1149 2541 1186 2570 c.
1209 2525 1308 2585 66.)
1451 2530 1453 2536 '
1589 2523 1593 2546 ¹
1679 2539 1684 2549 ¹
