1737 3378
338 222 443 267 IN
510 220 1046 266 TIMONEM.
1239 235 1328 279 441

65 319 109 348 re
121 305 195 360 legi
209 305 414 361 suspicatus
424 306 488 346 est.
502 307 600 347 Rem
615 307 789 361 pluribus
802 307 891 346 alias
905 319 1155 358 exponemus.
1170 306 1336 348 Hmsr.

124 361 217 414 Pag.
235 361 320 400 126.
343 362 365 400 l.
387 376 418 400 1.
437 357 567 414 Αὐτῷ)
588 362 657 401 Καὶ
674 361 770 411 μηθ’
793 362 914 406 ὀβολὸν
935 357 1049 400 αὐτοῦ
1071 359 1170 409 ἀνῇς·
1195 358 1335 409 αὐτοῦ,

70 410 198 454 αῧτόθι
211 445 221 462 ,
239 427 378 467 nempe
396 415 430 453 ἐν
443 413 492 464 τῇ
507 415 624 465 οἰκίᾳ,
643 414 722 454 five
741 415 844 453 οἴκοι.
864 415 1052 453 MAch..
1068 413 1266 465 Perspicue
1282 415 1336 454 le·

67 468 234 519 gendum
252 467 425 517 σεοιυτῷ,
444 468 508 507 vel
529 467 682 517 σαυτῷ,
704 468 767 508 vel
787 466 928 515 ἑαυτῷ,
949 481 1038 506 cum
1055 467 1130 506 hoc
1145 469 1190 506 de
1211 469 1338 507 omni-

67 521 142 560 bus
159 520 328 574 personis
347 522 502 561 dicatur.
521 522 563 560 Id
581 523 681 560 enim
697 522 781 560 vult
796 520 1030 571 Thrasycles
1043 548 1052 565 ,
1070 533 1111 559 ut
1126 521 1273 560 Timon
1287 535 1336 561 ne

67 574 231 614 obolum
249 575 402 627 quidem
416 574 485 614 fibi
507 575 680 615 retineat.
706 575 826 628 quue
848 574 921 613 iam
942 573 1196 613 consideravit
1214 576 1337 614 inter-

66 640 155 680 pres
165 657 176 675 ‚
195 640 368 668 vertens:
396 632 449 668 Tu
464 645 522 667 eas
537 629 605 668 alio
612 628 741 682 potiore
756 630 868 674 modo,
888 628 1053 681 confestim
1069 643 1112 666 ex
1122 629 1260 668 aedibus
1279 630 1337 667 eii-

66 681 148 727 cit0‚
163 681 312 734 (potius
323 714 334 731 ‚
353 682 521 736 confestim
537 698 610 721 eum
627 680 731 732 fhras
745 681 840 736 effir)
864 697 904 720 ac
919 697 959 720 ne
981 682 1113 721 obolum
1131 682 1258 733 quidem
1275 683 1336 720 cibi

2 767 6 770 .
67 735 228 787 reliquum
240 736 382 787 fizcias,
401 736 545 789 largiens
569 735 818 790 quibuscunque
840 751 926 789 opus
943 737 996 790 est.
1020 734 1220 775 Marcilius
1245 735 1336 788 legit

65 784 189 828 αὐτοῦ
199 819 211 836 ,
224 790 304 829 illic.
320 789 426 829 IENs.

64 894 92 935 S
121 842 202 882 ibid.
222 842 350 897 Ἀνξῖς)
367 842 492 883 Proba
507 842 696 898 scriptura
709 872 719 891 ‚
737 843 824 883 vide
839 842 964 890 Ἀναβ.
985 855 1019 882 c.
1042 856 1074 882 1.
1092 842 1157 882 Ed.
1172 842 1204 882 I.
1225 842 1337 883 ἀνείς.

95 906 226 936 OLAN.

121 953 194 989 ead.
217 950 241 989 I.
262 941 357 989 22²⁹ss
373 949 418 990 Σὲ
427 951 541 1001 μνᾶν,
556 947 584 1001 ᾧ
595 950 632 991 S’
645 948 767 1003 ἧμιτ.)
779 950 945 989 Variant
958 949 1017 990 hic
1031 949 1129 989 libri.
1143 951 1335 990 ’τάλαντον

67 1003 317 1057 vulgatarum
338 1017 416 1044 non
432 1004 601 1057 agnoscit
614 1005 643 1044 I.
659 1004 715 1044 ed.
736 1016 806 1043 nec
823 1004 1012 1057 reperitur
1026 1004 1125 1056 apud
1138 1004 1336 1043 Thomam

66 1056 256 1110 Mag.‘qui
269 1057 370 1099 hunc
384 1058 515 1098 locum
532 1058 682 1098 adducit
695 1071 733 1097 v.
744 1057 791 1095 “A
802 1057 886 1108 μὲν,
903 1058 930 1095 ὀἱ
945 1056 1001 1096 ἓέ·
1021 1070 1148 1110 neque
1162 1058 1200 1095 in
1215 1057 1337 1097 Scho—

65 1109 146 1157 lio,
165 1112 272 1164 quod
287 1112 374 1152 vide
392 1113 431 1151 in
444 1112 538 1153 Ῥητ.
552 1112 642 1152 Ais.
657 1111 730 1152 Sed
743 1125 815 1166 pro
830 1124 880 1151 eo
894 1111 932 1149 hi
945 1124 1078 1150 omnes
1094 1111 1234 1150 habent
1248 1108 1335 1161 ἧμι-

65 1163 271 1212 τάλαντον,
287 1166 392 1218 quod
407 1166 502 1205 adeo
515 1166 729 1206 admisimus
738 1179 750 1213 3
768 1165 857 1217 quia
870 1177 915 1204 ea
928 1165 1076 1204 ratione
1090 1165 1275 1204 talentum
1289 1164 1336 1204 fi.

64 1216 105 1256 bi
122 1219 313 1272 integrum
327 1251 339 1268 ‚
359 1232 402 1259 ut
417 1219 647 1273 philosopho
660 1250 671 1266 ‚
696 1232 811 1273 quem
828 1218 947 1272 duplo
966 1219 1100 1258 donari
1116 1218 1253 1257 auftor
1266 1218 1335 1264 est,

66 1271 234 1316 conficit.
248 1273 501 1326 Reliquarum
521 1286 616 1327 ergo
631 1274 710 1313 edd.
725 1274 885 1312 talentum
904 1273 1115 1312 reiecimus.
1133 1272 1206 1312 Sed
1225 1272 1265 1311 in
1283 1284 1334 1311 eo

67 1323 186 1365 secuti
197 1327 466 1367 auctoritatem
479 1328 536 1367 ed.
547 1328 576 1366 I.
593 1327 842 1381 potissmium,
855 1327 892 1364 in
905 1326 980 1366 alio
991 1325 1212 1379 respuimus,
1225 1326 1334 1379 quod

63 1377 160 1429 μνᾶν
173 1393 252 1420 non
271 1380 463 1434 agnoscit,
482 1381 590 1434 quod
607 1381 773 1435 probum
795 1381 834 1420 ὅ(
857 1380 897 1419 in
916 1381 1094 1419 omnibus
1109 1380 1258 1432 legitur.
1273 1380 1334 1420 Sic

64 1433 167 1472 enim
193 1435 376 1488 gradatim
395 1435 533 1476 melius
556 1436 603 1476 ad
627 1435 833 1481 summam,
856 1447 974 1487 quam
994 1446 1119 1488 captat
1131 1440 1151 1481 ‚‘
1169 1433 1335 1474 ascendi-

63 1495 138 1526 tur.
159 1487 316 1528 SOLAN.

120 1545 195 1582 ead.
212 1544 236 1582 l.
256 1557 293 1593 70
310 1542 383 1582 Δύο
399 1543 489 1594 μεθ.
512 1558 606 1598 χωρ.
628 1542 735 1597 Azy.)
761 1542 978 1583 Medimnus
998 1541 1157 1582 Atticus
1178 1542 1333 1582 circiter

64 1593 263 1649 ostoginta
284 1596 399 1637 libras
419 1598 532 1638 tritici
554 1598 797 1646 continebat,
815 1597 1061 1649 Aegineticus
1080 1597 1217 1649 plures.
1234 1596 1334 1635 Auri

65 1661 166 1690 vero
182 1651 268 1704 plus
283 1664 423 1704 quam,
442 1663 484 1691 ut
502 1652 658 1706 opinor,
679 1649 973 1705 quinquagesies
989 1651 1118 1690 tritico
1140 1651 1333 1702 gravioris

63 1710 215 1744 tantum
232 1705 382 1759 pondus
396 1706 599 1758 complexa
615 1703 705 1745 esset
720 1704 904 1744 eiusmodi
920 1717 1011 1756 pera
1023 1736 1034 1751 ‚
1057 1714 1099 1744 ut
1120 1704 1253 1757 viginti
1268 1716 1333 1743 ca-

63 1757 173 1798 melis
185 1771 286 1812 opus
302 1758 428 1800 fuiffet
443 1760 488 1799 ad
501 1773 585 1799 eam
598 1759 851 1799 baiulandam.
864 1758 1052 1798 Insaniam
1067 1757 1334 1811 pseudophilo-

62 1810 172 1864 sophi
186 1814 342 1866 gravice
355 1812 530 1854 describit
542 1814 746 1854 Lucianus.
759 1812 940 1853 CLERN.
952 1813 1057 1852 Leon
1073 1813 1229 1852 Porcius
1241 1812 1331 1852 AG.

65 1864 123 1905 IX
140 1897 151 1913 ‚
185 1867 297 1921 1483.
327 1867 524 1908 Drachma
548 1869 664 1909 etiam
688 1867 911 1920 Aeginetica
935 1867 1049 1920 dupla
1075 1867 1153 1907 fere
1181 1867 1334 1907 Atticae

63 1919 270 1962 drachmae
285 1920 391 1962 fuiffe
406 1923 577 1962 traditur.
597 1922 728 1961 Attica
741 1920 817 1960 VII
833 1920 1039 1960 solidorum
1055 1921 1135 1960 five
1150 1921 1335 1960 denario-

62 1985 150 2014 rum
163 1974 435 2029 Anglicorum,
447 1976 675 2030 Aeginetica
688 1975 760 2015 XII
773 1974 836 2015 seu
847 1975 958 2014 unius
971 1975 1158 2028 Schilling.
1173 1975 1334 2014 SOLAN.

65 2029 210 2069 Modios
225 2031 338 2070 etiam
351 2030 490 2069 Faber:
507 2031 684 2070 medimnos
696 2028 899 2068 transferre
911 2029 1116 2068 debuerat:
1134 2029 1211 2067 vid.
1231 2028 1334 2067 Peri·

65 2095 154 2122 zon.
170 2083 216 2122 ad
230 2076 378 2124 Aelian'.
397 2085 449 2124 V.
462 2085 511 2124 H.
527 2084 608 2131 VI,
625 2097 709 2137 cap.
731 2098 789 2122 12.
805 2083 949 2123 Eodem
964 2084 1120 2122 nomine
1132 2082 1334 2122 Strabonis

62 2135 309 2190 interpretem
333 2137 577 2191 reprehendit
596 2138 742 2178 Hostus
762 2138 807 2177 de
829 2136 948 2176 Mens.
969 2137 1040 2177 Gr.
1062 2151 1096 2178 c.
1109 2137 1179 2176 VI.
1198 2136 1333 2176 Multis

65 2203 178 2231 error
189 2195 425 2232 communis:
443 2205 570 2245 neque
590 2202 717 2232 tamen
737 2203 816 2230 non
831 2204 969 2230 verum
988 2190 1062 2239 est,
1078 2191 1251 2231 Graecos
1271 2204 1332 2229 re-

65 2246 261 2286 centiores
272 2245 405 2296 μόἓιον
429 2246 470 2286 δι
488 2246 668 2296 ‹resima›
687 2258 966 2298 nonnunquam
987 2244 1231 2284 confundere.
1248 2244 1333 2283 Me-

65 2298 208 2346 dimni,
225 2299 369 2340 aliusve
383 2300 577 2340 aridorum
592 2298 789 2339 mensurae
806 2299 1057 2352 Aegineticae
1069 2297 1254 2350 nusquam
1271 2311 1332 2337 re·

64 2354 147 2406 peri
161 2354 395 2394 mentionem
410 2354 570 2394 saetam:
591 2365 796 2406 propterea
810 2367 949 2406 negare
963 2353 1083 2392 nolim
1095 2384 1106 2401 ,
1127 2357 1172 2391 ut
1185 2353 1333 2404 ponde-

63 2407 172 2447 ribus
184 2408 224 2448 &
237 2410 418 2461 pecuniae
434 2409 559 2462 pretio
576 2409 726 2448 Atticos
738 2408 950 2460 Aeginetae
966 2405 1260 2460 praecesserunt,
1279 2405 1330 2446 fic

44 2496 46 2502 χ
66 2460 109 2500 &
132 2461 395 2502 mensurarum
417 2464 686 2516 magnitudine.
708 2463 780 2502 Sed
803 2461 886 2501 fieri
910 2461 1056 2514 potest,
1076 2471 1142 2508 ut,
1163 2460 1267 2512 quod
1284 2460 1330 2498 de

61 2516 296 2570 ponderibus
317 2518 360 2559 δι
381 2519 546 2566 nummis
574 2529 655 2560 erat
685 2529 859 2570 certum,
883 2515 1038 2557 ridicule
1062 2515 1254 2556 Lucianus
1284 2513 1330 2553 ad
