1737 3378
354 212 453 268 444
562 204 1429 252 ANNOTATIONES

411 295 489 332 ibid.
507 294 569 333 col.
588 308 622 333 2.
640 294 663 332 l.
682 306 713 346 5.
729 293 804 334 Τῐῦν
827 294 988 348 πετρῶν)
1012 293 1102 335 Ταῖς
1122 294 1292 346 πέτραις·
1321 294 1390 333 nisi
1412 295 1533 336 maius
1558 294 1626 338 vi-
1659 297 1663 300 ⁴

354 347 453 386 tium
475 347 600 386 lateat.
629 347 793 388 HEMST.

412 401 491 439 ibid.
511 403 535 440 l.
559 392 700 452 17.'²⁴52v
714 402 827 454 μόνων
843 400 936 455 &c.)
957 401 1102 441 Scribe:
1127 396 1173 441 ι’ῗν
1189 403 1298 452 μόνον
1320 402 1412 441 eim
1429 401 1492 442 ἔικ.
1513 417 1551 442 τ.
1576 415 1622 455 φ.

356 461 400 495 σ.
415 453 505 506 ἔχει
526 469 618 495 παν.
643 468 877 509 quamquam
893 455 1009 507 μόνων
1025 455 1177 495 retineri
1202 454 1336 509 potest.
1358 457 1520 495 HEMST.

414 509 508 560 Pag.
528 523 613 562 129.
628 510 651 548 l.
669 524 704 562 3.
730 512 901 549 Παλαΐος
914 507 1195 559 ἐι.μεμὺθευτοιι
1217 507 1350 563 λόγος)
1370 508 1538 549 Occafio
1554 508 1625 549 dis-

356 563 574 614 putationis
591 562 663 602 fuit
688 562 816 603 fabula
836 564 882 603 de
901 562 1036 615 Ceyce
1052 563 1090 602 δι
1106 563 1329 614 Halcyone.
1359 563 1403 602 In
1426 564 1529 603 hunc
1551 563 1628 603 fer-

355 628 422 654 me
441 616 599 656 modum
612 617 774 657 habetur
789 618 888 670 aputl
905 616 1024 657 Ovid.
1040 617 1199 656 Metam.
1215 617 1277 655 lib.
1295 616 1350 656 Xl
1363 645 1374 664 ‚
1397 630 1487 665 420.
1505 616 1623 669 Ceyx

357 668 524 709 Luciferi
542 670 644 710 filius
655 671 886 710 Trachiniae
900 684 966 710 rex
983 671 1230 722 Halcyonem
1247 670 1380 709 habuit
1401 683 1588 719 uxorem3
1604 684 1627 711 a

356 735 440 775 qua
465 736 554 763 cum
579 724 794 777 prohibitus
817 723 898 764 iss'et
920 724 966 763 ad
990 724 1264 764 consulendum
1287 723 1509 777 Apollinem
1533 724 1626 764 Cla-

357 777 462 816 rium
484 778 529 817 de
551 777 647 817 statu
665 780 789 831 regni,
809 777 1011 830 naufragio
1025 779 1154 830 periit:
1179 779 1292 818 cuius
1312 791 1455 830 corpus
1471 791 1558 818 cum
1580 778 1626 818 ad

357 842 525 870 uxorem
539 831 708 871 delatum
723 831 846 872 fuisset
859 832 897 871 in
909 832 1143 871 Trachinem
1156 863 1167 880 ‚
1187 832 1330 871 doloris
1347 832 1547 884 impatiens
1560 832 1625 871 illa

357 884 401 922 in
422 898 526 925 mare
546 884 582 925 se
598 886 870 939 praecipitavit.
893 885 1027 925 Postea
1048 884 1285 925 miseratione
1301 885 1474 925 Thetidis
1488 886 1529 926 &
1549 885 1627 925 Lu-

358 937 466 977 ciferi
486 938 664 979 conversi
686 939 772 979 sunt
783 940 899 980 ambo
912 940 950 979 in
964 953 1055 980 aves
1068 940 1251 987 marinas,
1266 952 1364 992 quae
1376 939 1539 980 Graecis
1554 938 1626 978 ἄλ-

358 992 482 1032 κὸονες
495 993 694 1042 dicuntur,
709 994 848 1034 Latinis
861 994 1098 1042 Alcedones‚
1116 1004 1158 1032 ut
1176 993 1228 1032 ait
1239 994 1369 1032 Varro
1384 993 1430 1032 de
1441 993 1483 1032 L.
1500 994 1540 1032 L.
1558 993 1624 1033 lib.

358 1045 427 1084 111.
442 1047 527 1086 Hae
539 1077 550 1096 ‚
561 1047 750 1087 referente
765 1047 888 1088 Plinio
902 1048 939 1087 X
949 1078 962 1094 ,
974 1061 1006 1087 c.
1023 1062 1070 1101 32
1080 1077 1091 1095 ‚
1107 1059 1155 1086 ex
1170 1046 1374 1087 Aristotele
1384 1077 1396 1095 ‚
1408 1046 1528 1100 paulo
1543 1059 1627 1086 am-

358 1098 505 1152 pliores
523 1100 609 1140 sunt
629 1100 793 1154 paffere,
813 1101 949 1142 colore
968 1113 1144 1153 cyaneo,
1166 1100 1270 1141 collo
1284 1101 1416 1153 gracili
1435 1114 1477 1141 ac
1492 1113 1628 1153 proce-

358 1166 418 1193 ro.
436 1153 466 1192 F
469 1154 669 1194 oetificant
691 1155 848 1202 bruma,
868 1156 935 1208 qui
954 1155 1034 1195 dies
1048 1154 1208 1195 Graecis
1229 1154 1465 1201 ἄλκυονίὸες,
1480 1155 1628 1195 Latinis

359 1207 567 1261 Halcyom‘a
580 1219 783 1249 vocantur.
807 1210 947 1262 Neque
961 1220 1142 1263 apparent
1154 1240 1166 1257 ‚
1191 1208 1257 1248 nisi
1272 1209 1368 1247 mari
1391 1209 1598 1261 tranquillo
1609 1239 1624 1255 ‚

358 1262 525 1302 maxime
545 1262 689 1303 Siculo.
713 1263 875 1303 Faciunt
893 1275 1020 1303 autem
1040 1262 1180 1316 septem
1201 1272 1290 1302 ante
1304 1262 1478 1302 brumam
1494 1263 1628 1303 diebus

359 1316 491 1362 nidos,
517 1317 558 1356 &
580 1318 741 1356 totidem
767 1316 1010 1370 sequentibus
1037 1319 1211 1370 pariunt:
1240 1316 1342 1356 unde
1368 1317 1628 1366 Mantuanus,

362 1369 530 1409 Producit
551 1372 667 1424 Ceycis
691 1387 771 1410 aves
789 1372 846 1410 ubi
858 1371 991 1423 frigida
1012 1373 1142 1411 bruma.
1163 1371 1216 1410 Hi
1237 1371 1314 1410 dies
1331 1370 1376 1410 &
1395 1371 1520 1410 nautis
1541 1370 1627 1411 sunt

360 1424 468 1463 noti:
492 1437 581 1463 nam
605 1426 643 1464 in
662 1425 719 1465 his
738 1425 997 1478 tempestatem
1021 1437 1100 1464 non
1119 1435 1306 1464 metuunt.
1333 1423 1538 1466 Nidificant
1553 1437 1625 1464 au-

361 1485 442 1516 tem
467 1479 594 1518 medio
616 1479 655 1517 in
671 1479 778 1520 mari,
801 1479 890 1518 Nidi
906 1479 1004 1531 pilae
1023 1478 1148 1532 figura
1170 1478 1331 1532 paulum
1356 1478 1538 1518 eminenti
1559 1491 1630 1519 ore

360 1544 549 1584 perquam
573 1532 758 1585 angusto,
784 1533 982 1586 grandium
1012 1531 1254 1586 spongiarum
1282 1531 1548 1581 similitudine,
1576 1545 1627 1573 ex

360 1584 481 1638 spinis
501 1588 681 1626 aculeatis
703 1586 915 1641 compacti,
939 1596 1043 1626 tanta
1067 1587 1225 1633 duritie,
1250 1597 1293 1625 ut
1313 1585 1418 1634 ferro
1435 1587 1548 1626 incidi
1561 1599 1628 1627 ne·

361 1652 519 1692 queant.
539 1641 785 1694 Franguntur
808 1641 888 1681 ictu
908 1641 1065 1687 valido,
1089 1653 1131 1679 ut
1147 1640 1279 1694 spuma
1299 1640 1399 1680 arida
1421 1641 1543 1680 maris.
1563 1639 1628 1681 De

360 1694 636 1746 tranquillitate
659 1696 952 1747 Halcyonitlum
976 1695 1122 1735 dierum
1144 1695 1335 1735 Lucianus
1354 1694 1434 1734 hic:
1458 1696 1532 1734 τὰς
1555 1693 1630 1734 ἃλ-

363 1750 538 1788 moniam
547 1750 917 1803 προσαγορευομένας
928 1746 1063 1802 iila-{pm
1075 1748 1090 1787 ὁ
1102 1747 1238 1800 κόσμος
1246 1745 1350 1802 ἄγει.
1361 1748 1628 1795 Ηίηςεῑυξὶιιῐη

361 1801 418 1842 est
440 1803 617 1855 adagium
639 1803 735 1843 istud
746 1803 1083 1857 Aristophanicum
1098 1803 1135 1842 in
1147 1803 1265 1842 Avib.
1279 1817 1318 1843 v.
1337 1815 1432 1855 1593
1446 1832 1459 1849 ,
1476 1801 1631 1842 Ἁλκυο-

361 1856 472 1897 visa&
489 1858 524 1894 τ’
542 1857 588 1896 ἂν
608 1855 708 1911 ἤγεθ’
731 1856 869 1911 »impar
887 1858 960 1905 ἀεί.
973 1858 1009 1896 id
1028 1857 1104 1905 est,
1119 1860 1236 1910 Atque
1256 1857 1475 1909 halcyonicos
1495 1857 1628 1909 ¹egeritis

361 1913 487 1963 affi'due
498 1912 585 1950 dies:
601 1912 678 1951 hoc
691 1911 745 1951 est
756 1942 769 1958 ,
782 1912 999 1965 tranquillam
1018 1925 1117 1965 atque
1130 1911 1272 1962 otiosam
1284 1912 1402 1950 vitam.
1416 1910 1573 1956 Plautus
1587 1912 1628 1951 in

363 1964 541 2005 Poenulo
555 1965 643 2004 Αθί.
655 1966 672 2004 Ι
682 1995 696 2012 ,
711 1965 770 2005 Sc.
784 1965 840 2015 Π,
863 1980 954 2014 142:
973 1966 1038 2018 nist
1050 1966 1132 2005 mihi
1149 1966 1242 2004 illam
1256 1977 1325 2004 tam
1338 1965 1556 2017 tranquillam
1561 1964 1626 2017 fiz-

363 2019 414 2057 cis
423 2047 434 2065 ,
455 2020 571 2069 Quam
585 2035 673 2059 mare
688 2021 731 2073 est
744 2021 822 2060 olim
832 2049 845 2066 ,
859 2035 933 2059 cum
947 2020 991 2058 ihi
1006 2020 1142 2058 lzalcedo
1150 2019 1268 2073 pullos
1282 2022 1402 2066 educat
1402 2020 1501 2070 sitos.
1519 2018 1625 2059 Idem

364 2073 407 2111 in
419 2071 546 2112 Casm.
559 2073 660 2112 Prol.
677 2088 714 2113 v.
735 2074 801 2120 26,
820 2074 1034 2112 Halcedonia
1043 2074 1129 2125 fimt
1141 2074 1229 2113 circa
1239 2071 1380 2124 soram3
1405 2073 1439 2119 id
1451 2072 1518 2122 est,
1529 2084 1629 2113 tran-

363 2126 532 2178 quillitas
545 2127 585 2166 ἃ
596 2127 796 2166 silentium.
807 2128 993 2179 Virgilius
1004 2128 1100 2167 inter
1113 2126 1358 2181 prognostica
1367 2125 1522 2167 futurae
1534 2137 1629 2167 tem-

364 2180 516 2233 pestatis
528 2181 602 2221 hoc
617 2195 776 2235 quoque
793 2180 908 2221 refert
922 2181 1067 2235 Georg.
1081 2181 1100 2221 I
1114 2212 1125 2227 ,
1143 2182 1236 2235 398:
1261 2182 1344 2220 Non
1358 2181 1500 2234 tepidum
1516 2182 1629 2233 adfh-

362 2235 425 2273 lem
436 2251 568 2286 pennas
581 2237 616 2274 in
631 2237 724 2275 litore
734 2237 890 2289 pandunt
900 2236 1054 2275 Dileflae
1069 2236 1200 2274 Thetidi
1214 2235 1407 2288 halcyones.
1423 2257 1468 2265 —
1484 2235 1628 2274 Memi-

363 2289 421 2328 nit
443 2289 579 2328 harum
597 2290 636 2329 &
655 2290 890 2330 Theocritus
909 2290 990 2329 Eid.
1005 2289 1093 2329 VII.
1119 2289 1279 2329 Homer.
1294 2288 1337 2327 Il.
1354 2292 1394 2328 K.
1410 2287 1566 2328 Servius
1580 2288 1627 2328 ad

360 2342 401 2381 V
409 2343 502 2395 irgil.
511 2343 657 2396 Georg.
671 2343 701 2384 I.
713 2343 852 2396 Ceryli
864 2345 977 2383 maris
994 2343 1232 2395 halcyonum
1243 2341 1474 2383 Theocritus
1486 2342 1526 2381 in
1536 2343 1626 2382 Bio-

365 2397 426 2436 nis
446 2407 594 2437 morte:
610 2398 699 2450 qui,
713 2398 780 2437 ubi
794 2396 1016 2445 consenuit,
1037 2410 1058 2436 a
1073 2398 1243 2450 coniuge
1263 2397 1328 2436 alis
1345 2395 1547 2449 impositus
1562 2409 1630 2449 ge-

363 2449 454 2489 stari
476 2451 631 2502 dicitur:
659 2452 699 2491 δι
721 2452 803 2491 talis
824 2452 999 2504 coniugii
1021 2464 1131 2491 amor
1153 2450 1207 2490 est
1229 2451 1266 2489 in
1284 2451 1339 2490 his
1358 2450 1539 2497 aviculis,
1560 2461 1628 2497 ut,

367 2517 458 2545 cum
474 2505 592 2547 altera
613 2518 662 2547 ex
677 2505 730 2547 eis
743 2506 909 2556 interiit,
928 2518 1026 2559 quae
1049 2504 1234 2560 superstes
1247 2504 1324 2553 est,
1337 2504 1457 2560 longo
1478 2516 1631 2558 tempos
