1737 3378
227 238 443 286 SCRIP
465 238 748 314 TJSQUE
774 239 1117 285 LUCIANI.
1196 252 1339 288 xxm

77 365 208 394 rum:
239 349 271 392 fi
300 349 427 392 enirn
455 347 556 407 post
585 348 837 392 Commod.
863 349 1006 405 vixit,
1041 348 1171 395 facile
1200 349 1341 396 Seve-

76 430 184 458 rum
206 413 430 475 attingere
453 413 632 470 potest,
662 423 853 471 propter
880 415 1104 471 perbreve
1132 416 1339 461 Pertina-

81 478 140 523 cis
161 476 200 522 80
214 477 326 525 Did.
348 476 540 530 Iuliani,
563 476 769 520 duorum
788 477 992 521 triumve
1006 480 1235 523 mensium
1252 480 1339 525 im-

79 541 295 604 perium]
328 541 470 599 paulo
494 540 718 584 maiorem
741 551 855 584 natu
883 541 990 586 facit
1014 542 1196 586 Scaidas:
1228 560 1339 590 nam

79 606 236 652 vixisse
250 607 311 650 ait
325 605 382 647 ἐπὶ
397 608 464 647 τοῦ
475 605 678 661 Καίσαρος
693 607 895 662 Τραϊανοῦ
906 639 918 658 ,
931 610 997 649 καὶ
1009 605 1187 650 ἐπέκεινα.
1203 607 1341 653 Sunt-

84 687 179 731 que
198 671 246 714 in
263 671 346 714 hac
364 669 591 714 sententia
615 669 721 714 Gilb.
741 670 958 730 Cognatus
978 670 1018 714 Sc
1038 672 1127 715 Iac.
1151 670 1343 731 sz'nge-

80 753 181 782 τω,-
205 734 322 793 quin
341 734 576 779 Ludovicus
610 735 750 782 Vives,
774 736 841 778 vir
864 735 972 779 acris
990 735 1176 790 iudicii,
1197 735 1339 794 suspi-

82 811 211 848 catur
239 814 349 842 eum
370 797 428 841 ad
451 795 739 844 insefflandos
763 799 1066 860 philosophos
1086 799 1343 859 impulsum

82 862 212 908 fuisse
231 862 409 906 invidia
424 863 659 908 Plutarchi
679 864 1009 909 Chaeronenfis
1023 898 1035 919 ‚
1053 880 1200 922 quem
1218 863 1345 908 sum-

81 946 162 974 mo
194 926 323 986 apud
347 927 602 972 Traianum
625 929 732 973 loco
768 927 852 973 esse
887 940 1096 973 cerneret
1127 944 1178 973 ac
1212 928 1344 973 dole-

82 1004 165 1038 ret.
183 992 302 1036 Mihi
326 991 451 1036 secus
474 992 662 1037 videtur
682 1027 693 1048 ‚
720 1010 805 1037 nec
828 993 920 1037 levi
938 993 996 1037 de
1023 993 1177 1043 causa3
1202 993 1343 1052 quip-

81 1074 142 1118 pe
178 1056 396 1101 meminit
431 1056 663 1101 Lucianus
702 1057 848 1102 Marci
886 1057 1076 1102 Caesaris
1094 1091 1106 1112 ‚
1145 1073 1195 1101 ac
1234 1057 1348 1101 belli

81 1121 449 1167 Marcomannici
474 1121 532 1166 ab
563 1139 620 1166 eo
647 1122 755 1179 ¹gesti
773 1156 784 1176 ‚
816 1123 894 1182 [in
920 1123 1044 1166 Alex.
1076 1122 1105 1166 s.
1126 1122 1346 1181 Psezcclom.

83 1189 110 1246 ᾗ
139 1186 241 1245 48]
271 1187 548 1239 Διαπέμπεται
577 1187 615 1229 ἐν
646 1187 679 1228 Γ
682 1192 849 1243 ερμανιά
881 1188 1049 1239 πολέμου
1078 1186 1350 1242 ἀκμάζοντος,

81 1255 146 1295 ὅτε
165 1253 250 1298 θεὸς
267 1253 442 1309 Μάρκος
465 1255 532 1306 ἤδη
552 1257 629 1298 τοῖς
647 1253 937 1310 Μαρκομάνοις
959 1254 1026 1294 καὶ
1048 1252 1246 1297 Κουάδοις
1268 1266 1352 1294 συν·

85 1312 280 1355 επλέκετο.
315 1311 479 1367 Vides,
514 1324 567 1357 ut
601 1328 700 1356 non
728 1323 915 1356 tantum
943 1312 1055 1356 belli
1081 1311 1352 1356 meminerit

85 1393 197 1422 cum
222 1376 443 1420 Marcom.
484 1375 524 1420 86
556 1376 760 1443 Quadis3
799 1376 876 1421 sed
905 1377 1119 1420 Marcum
1146 1378 1234 1420 θεὸν
1266 1376 1354 1421 Dz'-

85 1459 183 1488 vum
201 1450 339 1486 vocet
355 1475 367 1496 ‚
384 1441 519 1499 quod
535 1442 685 1501 arguit
701 1458 812 1485 eum
828 1452 1018 1485 naturae
1034 1440 1205 1485 cessisse.
1223 1441 1352 1508 Qua<

87 1523 136 1551 re
175 1517 302 1550 extra
333 1501 692 1550 controversiam
728 1506 845 1566 poni
879 1505 1050 1561 debet,
1086 1505 1352 1549 Lucianum

87 1584 194 1616 tum
206 1570 349 1614 Marci
360 1569 592 1616 Antonini
602 1570 873 1629 Philosophi
888 1581 1035 1614 aetate
1053 1569 1226 1625 vixisse,
1238 1586 1350 1615 cum

90 1635 258 1681 referat
283 1634 514 1679 sermones
529 1670 543 1691 ‚
567 1651 686 1694 quos
717 1634 885 1679 habuit
904 1634 999 1694 ipse
1019 1650 1130 1678 cum
1149 1633 1352 1679 Alexan-

89 1701 175 1745 dro
194 1698 565 1754 pseudomante,
589 1711 694 1743 tum
722 1699 807 1743 sub
831 1698 1089 1743 Commodi
1116 1696 1352 1743 Antonini

89 1764 360 1825 philosophi
388 1765 498 1809 filio.
521 1790 586 1797 ---
618 1764 824 1807 Meretur
853 1764 1016 1807 locum
1046 1762 1167 1807 inter
1195 1763 1354 1808 Histo-

89 1830 181 1875 riae
202 1829 439 1888 scriptores
455 1864 468 1885 ‚
490 1845 590 1874 non
619 1828 683 1872 ob
713 1828 801 1872 Ver.
825 1828 934 1888 Hfi.
954 1827 1118 1882 libros,
1139 1827 1217 1871 sed
1240 1843 1356 1887 pro-

91 1905 196 1955 pter
217 1890 461 1940 trafftatum
486 1895 638 1968 Quom.
659 1893 849 1954 Hss.fic
862 1892 996 1951 scrib.
1018 1892 1077 1936 de
1095 1891 1192 1937 Dea
1205 1893 1356 1953 Syria,

90 1975 143 2004 ac
161 1959 410 2004 Macrobios.
431 1959 649 2018 Eunapio
671 1974 783 2002 vero
805 1956 999 2002 refertur
1019 1959 1138 2001 inter
1151 1957 1356 2001 vitarum

91 2024 330 2085 scriptores
349 2035 540 2083 propter
558 2039 703 2067 unam
715 2022 989 2066 Demonaelis
1001 2022 1161 2067 vitam.
1176 2045 1239 2054 -—
1257 2019 1357 2063 Gal.

93 2088 329 2132 Philamler
362 2089 423 2133 ad
455 2088 640 2134 Vitruv.
677 2086 920 2146 Apollonii
961 2087 1106 2131 vitam
1146 2084 1359 2128 Luciano

93 2153 207 2198 huic
234 2153 475 2210 adscribit,
501 2153 542 2197 &t
574 2153 623 2196 G.
655 2150 892 2211 Cognatum
918 2150 965 2194 in
992 2159 1112 2194 nott.
1142 2148 1201 2193 ad
1224 2149 1359 2209 Pseu-

95 2217 200 2261 dom.
231 2217 400 2261 eodem
421 2218 719 2278 propendere
742 2216 958 2260 arbitror:
987 2214 1067 2259 sed
1092 2214 1359 2258 Lucianum

95 2282 293 2326 minime
316 2281 400 2327 effe
420 2283 557 2327 huius
575 2283 697 2327 vitae
715 2280 985 2340 scriptorem
1003 2315 1016 2336 7
1038 2278 1168 2322 facile
1188 2279 1360 2338 proba-¹

95 2347 185 2396 bo;
210 2364 321 2391 nam
345 2347 558 2406 Epicurei
575 2346 731 2391 rident
759 2361 921 2390 omnes
940 2343 1193 2404 praestigias
1211 2358 1262 2386 ac
1279 2358 1361 2387 va-

97 2411 266 2456 ticinia.
299 2411 531 2456 Lucianus
548 2422 708 2457 autem
731 2422 833 2455 tam
847 2410 1103 2470 Epicureae
1122 2404 1267 2452 festae
1285 2406 1362 2451 ad⁴

98 2474 246 2520 dii-,ius
281 2488 404 2531 erat7
434 2494 579 2536 quam
614 2477 699 2536 qui
731 2475 955 2520 maxime.
991 2475 1215 2541 Quorum
1244 2488 1363 2516 neu—

98 2551 223 2586 trum
251 2541 463 2605 negabit,
501 2542 586 2603 qui
616 2543 692 2588 vel
728 2541 823 2586 eius
857 2538 1182 2585 Alexandrum
1219 2535 1365 2582 oculis

1022 2604 1054 2649 b
1091 2619 1117 2659 4
