1737 3378
395 217 495 278 aff
604 203 1490 256 ANNOTATIONES

398 308 505 345 runt,
525 295 625 336 oro?
646 294 802 342 Nescio,
821 307 869 334 an
892 295 990 335 bene
1004 294 1180 344 Bolerus,
1202 295 1387 348 constitutis
1405 296 1570 335 iudicibus
1591 295 1670 336 VII

398 351 573 391 vocalibus
591 353 630 389 de
650 351 685 389 νὶ
704 349 740 388 δ’
761 350 892 403 rapina.
915 348 1031 388 Certe
1052 347 1179 388 sensus
1198 348 1251 389 est
1272 347 1313 388 &
1331 350 1433 388 verti
1454 349 1606 396 debuit,
1620 354 1671 390 ad

398 405 555 444 tribunal
576 406 614 443 V
610 404 655 442 II
662 403 854 452 vocalium,
876 403 1002 441 anione
1025 404 1184 441 bonorum
1204 403 1241 440 νὶ
1265 415 1463 453 raptorum,
1495 414 1539 442 ut
1561 404 1668 443 dice-

399 458 495 498 bant
510 457 678 497 Romani
698 459 796 496 idem
848 455 975 496 rorsus
994 456 1185 495 iudicium.
1201 456 1300 494 Nam
1316 452 1562 509 ὑπαρχόντων
1576 456 1668 509 (un-

398 512 448 551 de
471 511 582 551 causa
602 510 762 564 erroris)
782 524 803 550 e
856 510 1039 549 secundus
1057 509 1162 549 casus
1182 510 1229 549 ab
1255 510 1380 563 primo
1400 512 1452 548 τὰ
1473 507 1669 563 ὑπάρχον-

398 580 479 612 τα,
503 579 583 605 non
608 564 639 604 οἱ
664 564 921 616 ὑπάρχοντες.
940 563 1087 604 GRON.

455 623 528 658 ead.
542 621 564 658 l.
583 619 763 672 ς.,ΑέἹον)
779 618 833 656 Fl.
855 619 902 656 B.
922 632 956 656 2.
970 618 1010 656 &
1025 618 1068 655 Ρ.
1087 617 1221 669 λέγων.
1236 616 1422 669 Reliquae
1436 629 1524 656 cum
1538 615 1668 658 Schol-

400 673 443 714 δι
462 673 499 713 Ρ.
523 673 585 712 hic
606 674 758 725 quidem
777 671 877 711 reae
891 672 1023 723 λέγον,
1040 681 1083 710 ut
1099 672 1159 710 edi
1181 671 1415 710 curavimus.
1431 669 1588 711 SOLAN.

455 729 527 766 ead.
552 728 576 765 l.
599 740 636 780 9.
665 726 907 778 Καταῖροντος
929 725 1008 764 ἔνθα
1028 724 1082 775 μὴ
1106 724 1193 777 δεῖ)
1219 724 1465 763 Scribendum
1490 724 1669 771 videtur,

402 778 661 832 καθαιροῦντος
687 779 776 819 ἐνθεν
805 778 857 829 μὴ
883 777 956 817 ses.
981 777 1132 818 Gom-r.
1154 779 1409 831 Interpretum
1433 790 1603 818 errorem
1629 778 1669 817 in

402 835 475 875 hac
497 834 699 874 locutione
715 831 914 885 castigavit
929 831 970 871 L.
987 832 1067 872 Bos
1081 833 1128 872 ad
1145 831 1194 871 A.
1208 832 1258 871 A.
1276 831 1450 877 XXVII,
1473 847 1506 871 2.
1531 830 1672 870 Καταί-

401 903 472 941 pm
495 888 697 941 proprium
718 885 769 925 est
787 886 835 925 de
855 885 1020 924 navibus
1039 886 1077 924 in
1097 896 1251 938 portum
1270 885 1449 925 inveftis:
1472 885 1672 937 καταίρου-

404 943 477 980 coci
498 956 539 980 τε
561 940 624 978 καὶ
645 939 814 987 ἀφιεῖσαι
837 937 1003 978 ὁλκάδες
1030 940 1130 992 apud
1153 938 1324 978 philostr.
1344 939 1390 978 de
1412 940 1465 978 V.
1488 938 1525 978 S.
1547 938 1583 977 11
1597 969 1608 987 ‚
1631 951 1670 992 p.

400 994 494 1035 606.
516 994 646 1034 ἐκεῖθεν
670 993 716 1033 δὲ
739 991 975 1044 κατᾴραντες
995 993 1046 1032 εἰς
1066 994 1199 1043 λιμένα
1220 992 1392 1043 Di0nys.
1411 992 1532 1032 Halic.
1549 992 1598 1031 A.
1617 992 1667 1032 R.

400 1049 442 1096 Ι,
463 1063 500 1101 p.
520 1063 582 1097 42.
595 1047 848 1088 Grammatici
867 1059 935 1100 per
956 1046 1179 1086 καταπλεῖν
1199 1056 1417 1099 exponunt:
1439 1045 1608 1097 Hesych.
1627 1046 1668 1086 &

402 1101 506 1141 Suid.
528 1104 567 1140 in
583 1102 834 1154 Καταίροντες·
848 1113 896 1140 ex
918 1112 1003 1153 quo
1025 1099 1134 1140 facile
1152 1099 1206 1139 est
1226 1101 1392 1150 priorem
1413 1100 1615 1139 emendare
1630 1100 1669 1139 in

402 1158 635 1208 ume'powrss,
660 1167 899 1209 quamquam
921 1154 1068 1193 tantilla
1087 1155 1191 1193 labes
1209 1153 1397 1195 Guietum
1420 1154 1609 1205 deceperit
1631 1154 1671 1193 in

402 1209 482 1249 hoc
503 1222 662 1263 quoque
684 1210 842 1249 Luciani
862 1208 952 1248 loco
970 1221 1105 1261 parum
1126 1207 1287 1247 felicem.
1307 1207 1447 1246 Portus
1467 1218 1593 1246 autem
1613 1206 1671 1248 his

403 1263 519 1305 claufi
532 1295 545 1310 ‚
566 1264 648 1303 aliis
667 1264 804 1316 aperti,
823 1263 931 1316 quod
950 1261 1058 1315 saepe
1072 1261 1289 1302 foederibus
1302 1262 1342 1301 &
1361 1260 1476 1313 pactis
1490 1271 1672 1310 cautum3

402 1331 484 1357 non
503 1319 604 1357 enim
629 1316 788 1370 quosvis
802 1317 884 1369 pari
903 1317 987 1354 iure
1006 1320 1133 1366 λιμέσι
1160 1316 1224 1353 καὶ
1241 1314 1360 1366 ὃρμοῖς
1377 1314 1572 1367 Σέχεσὲαι
1595 1328 1670 1354 vo-

402 1372 544 1411 lebant.
566 1371 643 1410 lam
666 1370 692 1408 fi
714 1372 798 1423 quis
822 1382 890 1409 eos
911 1370 950 1408 in
977 1382 1114 1422 portus
1142 1369 1376 1414 devehatur,
1398 1381 1500 1421 quos
1529 1369 1670 1408 intrare
1709 1380 1711 1383 ’

402 1437 485 1464 non
507 1425 619 1472 licet,
638 1425 668 1463 is
685 1424 842 1477 proprie
864 1425 1057 1475 καταίρει,
1079 1422 1159 1464 ἔνθα
1179 1423 1231 1473 μὴ
1258 1422 1333 1461 θεῖ.
1356 1423 1398 1462 δι
1423 1423 1563 1475 piratae
1583 1423 1670 1475 qui·
1736 1435 1737 1457 ς

403 1479 490 1517 dem
510 1478 574 1517 vel
598 1479 786 1526 maxime,
808 1477 877 1530 qui
902 1477 949 1516 de
971 1476 1096 1516 alieno
1119 1476 1277 1530 praedas
1299 1486 1442 1527 agunt,
1462 1476 1574 1515 cuius
1596 1477 1671 1515 cri-

404 1532 519 1571 minis
541 1532 581 1571 &
597 1529 781 1585 ἑιρπαγιῖς
798 1531 903 1570 liteta
920 1530 958 1570 T
976 1530 1182 1570 incusatur.
1205 1531 1309 1569 Hinc
1328 1529 1438 1569 latius
1457 1528 1495 1568 se
1509 1531 1671 1583 porrigit

365 1601 370 1610 Δ
404 1585 599 1639 καταίρειν
616 1598 689 1639 pro
709 1585 820 1624 venire
835 1586 960 1637 aliquo.
977 1583 1145 1637 Hesych.
1166 1582 1397 1636 Κατῇραμεν,
1419 1582 1587 1633 ἤλθομεν.
1608 1584 1672 1624 Ad

403 1652 499 1679 aves
512 1640 663 1679 ratione
679 1639 843 1692 quadam
857 1637 1036 1691 fingulari
1055 1638 1221 1690 pertinet
1235 1635 1469 1690 aliquorsum
1485 1637 1672 1677 devolan-

403 1704 473 1733 tes.
500 1693 697 1747 Aristoph.
720 1693 802 1733 Av.
828 1706 868 1732 v.
897 1691 1008 1732 1288.
1037 1691 1227 1732 Plutarch.
1250 1691 1299 1732 T.
1322 1690 1385 1737 11,
1405 1705 1444 1744 p.
1468 1705 1514 1740 41
1540 1691 1582 1730 F.
1602 1690 1673 1740 με’-

403 1758 541 1787 λισσαι
563 1746 627 1786 ἐπὶ
651 1749 715 1787 τὴν
735 1762 805 1800 τρα
846 1745 983 1786 ύτατον
1005 1746 1071 1785 καὶ
1092 1745 1321 1799 δριμύτατον
1339 1743 1454 1794 θύμον
1473 1744 1672 1797 καταίρου-

405 1815 463 1840 σι·
476 1801 638 1854 parique
651 1801 769 1841 modo
781 1801 821 1839 in
864 1799 981 1853 hilop.
995 1814 1032 1854 p.
1052 1800 1127 1854 364
1148 1799 1202 1840 D.
1214 1799 1348 1852 Pomp.
1359 1811 1397 1852 p.
1411 1799 1486 1852 635
1504 1799 1546 1838 Ε.
1560 1797 1672 1839 Con-

405 1856 563 1894 trarium
587 1855 761 1907 ἀπαίρειν
782 1865 865 1894 tum
889 1855 1033 1908 prima,
1050 1865 1135 1893 tum
1153 1853 1338 1906 ampliore
1354 1851 1563 1905 potestate:
1589 1865 1672 1892 non

405 1909 607 1949 invenuste
627 1908 767 1960 Cyrill.
789 1919 926 1949 contra
947 1907 1082 1947 Iulian.
1106 1921 1144 1961 p.
1169 1908 1245 1946 206
1263 1907 1305 1946 B.
1333 1905 1419 1946 τοὺς
1439 1905 1670 1960 ἀνταίροντας

402 1963 471 2013 μὲν
484 1961 644 2002 ἀπάτης
660 1961 884 2009 Ἑλληνικῆς,
894 1959 1272 2015 μεθορμιζομένουςκὸὲ
1284 1962 1372 2013 πρὸς
1382 1957 1570 1999 ἀλήθειαν·
1585 1959 1671 2000 Plu-

405 2017 524 2056 tarch.
542 2017 588 2055 de
601 2015 758 2057 Garrul.
779 2031 814 2070 p.
838 2029 911 2067 514
924 2015 966 2055 E.
982 2015 1046 2054 ἐπί
1064 2029 1101 2054 τι
1116 2014 1161 2054 ἑὲ
1182 2012 1199 2055 ἦ
1214 2013 1383 2068 γλῶσσα
1398 2013 1574 2066 ἀπαίρεη
1592 2015 1672 2055 Hic

405 2071 519 2109 etiam
551 2069 768 2122 Hesychius
789 2069 843 2110 est
867 2080 1096 2122 corruptus:
1119 2067 1331 2119 Ἀπηῦραν,
1354 2063 1538 2107 &sevo-av·
1561 2068 1671 2120 lege,

405 2124 591 2176 Ἀτῐῖραν,
612 2125 653 2164 &
681 2137 793 2164 mox:
822 2124 1091 2175 Ἀπηρείσατο,
1116 2121 1264 2175 ἔπηξεν.
1297 2119 1456 2174 Ἀπῇρε,
1482 2121 1670 2174 μετέστη·

405 2178 539 2218 confer
556 2178 718 2230 Ἀπαιρει
739 2177 813 2217 &c.
839 2178 1002 2217 HEMST.

460 2237 534 2272 ead.
556 2233 580 2271 l.
609 2244 668 2270 11.
693 2231 977 2284 Φυλασσοντα)
1002 2230 1092 2270 Non
1116 2229 1275 2278 dubito,
1298 2228 1393 2283 quin
1420 2228 1559 2268 malam
1585 2241 1671 2282 gra-

401 2286 496 2324 tiam
517 2286 666 2325 inierint
682 2285 730 2324 ab
746 2285 916 2324 Luciano
932 2285 1096 2330 librarii,
1111 2283 1314 2323 scribentes
1328 2282 1582 2334 φυλάσσοντα
1594 2296 1672 2336 pro

406 2339 628 2388 φυλάσσον,
644 2339 819 2391 &paulo
833 2338 919 2392 post
933 2337 979 2378 ὧς
1000 2339 1129 2392 ὀλίγον
1153 2336 1230 2377 δεῖν
1252 2335 1420 2391 ἧσυχίαν
1434 2336 1670 2390 ἀγαγόντα,

406 2393 507 2443 μηδὲ
527 2394 563 2432 ἐν
582 2392 812 2445 ’γράμμασιν
831 2392 1068 2444 ὰριθμεΐσὲῑαι
1081 2392 1158 2431 ἃς.
1181 2403 1255 2444 pro
1274 2389 1452 2443 ἀγαγόν.
1472 2390 1668 2444 Loquitur

408 2459 575 2499 namque
594 2451 624 2484 Σ
639 2476 647 2490 ,
673 2446 710 2485 h.
732 2458 766 2486 e.
786 2450 955 2499 γράμμα
968 2475 979 2492 ,
1005 2447 1050 2484 de
1069 2444 1106 2484 se
1127 2445 1165 2482 in
1187 2454 1326 2484 neutro
1340 2457 1505 2498 genere,
1523 2455 1567 2484 ut
1584 2457 1669 2498 cap.

405 2499 456 2549 8,
475 2501 538 2540 καὶ
560 2500 819 2554 πίμπραμαι,
844 2498 1044 2552 &hbes-41¹1
1067 2498 1120 2549 τῷ
1143 2498 1263 2552 χρόνῳ
1282 2498 1348 2539 καὶ
1368 2500 1422 2540 τὰ
1443 2497 1546 2541 σῦκα
1566 2495 1670 2540 τῦκα
