1737 3378
419 228 512 291 384
618 220 1494 268 ANNOTATIONES

379 353 383 357 ,
417 313 453 350 ἐν
466 308 562 360 τιμῇ
577 308 747 363 μεγάλῃ·
767 307 1005 362 nampio-&ou
1022 308 1068 349 Σὲ
1086 308 1228 348 τούτοις
1244 306 1356 362 ἑχρὶῖν
1367 308 1570 362 παρθένους.
1583 310 1688 352 Stra:

411 365 558 404 bonem
574 365 614 402 in
629 366 701 403 hac
726 362 839 403 causa
859 363 990 402 testem
1010 363 1095 417 quis
1114 363 1279 415 prudens
1295 361 1542 416 aspernetur?
1559 367 1625 418 qui
1640 366 1685 405 δι

415 417 510 471 ipse,
523 418 681 470 quando
694 417 829 470 Ephesi
843 416 1078 464 versabatur,
1088 415 1359 456 curiofiffimus
1372 428 1499 456 rerum
1514 419 1688 471 antiqua-

417 485 504 511 rum
519 472 714 524 indagator
731 472 858 525 potuit
874 470 1067 517 sciscitari,
1089 471 1130 509 δι
1145 471 1370 523 Appianum
1384 470 1496 510 habet
1508 470 1689 524 fuffraga·

420 537 547 565 torem
563 526 608 564 de
630 526 674 565 B.
697 525 742 565 C.
759 525 812 572 V,
833 539 868 578 p.
885 524 962 575 676
977 525 1020 564 B.
1036 524 1098 562 καὶ
1113 526 1174 564 τὸν
1189 524 1222 562 ἐν
1234 524 1364 572 Ἐφέσῳ
1380 522 1425 562 ἑὲ
1438 523 1504 565 τῆς
1522 523 1690 576 Ἀρτεμι-

419 579 488 618 soe
510 579 630 631 ἱερέα,
652 579 687 619 ὃν
713 579 936 631 Μεγάβυζον
961 576 1167 632 ὖγοῦντοιι,
1195 575 1474 628 ὑποὸεξάμενὸν
1494 592 1589 617 ποτε
1619 579 1689 620 τὴν

419 634 602 686 Ἀρσινόην
620 628 667 672 ὣς
684 632 891 679 (gneo-amsa,
905 632 1070 684 ἀχθῆναι
1083 630 1150 682 μὲν
1167 631 1374 676 ἐκέλευσεν,
1388 630 1550 679 Ἐφεσίων
1562 631 1607 671 ἑὲ
1620 628 1690 672 αὖ.

419 686 487 726 τὴν
510 687 749 738 Κλεοπάτραν
776 686 1045 725 ἱκετευσάντων
1066 684 1216 735 μεθῆκεν
1239 685 1459 724 Antonius:
1479 695 1527 724 ex
1546 685 1688 738 quibus

422 740 533 780 fimul
552 741 669 793 liquet
681 771 694 786 ,
713 751 796 780 tum
810 752 891 791 qua
905 740 1048 785 yixerit
1061 751 1205 786 aetate,
1223 750 1446 791 quantaque
1467 739 1689 792 dignatione

418 794 533 834 fuerit
554 795 799 846 Megabyzus
815 793 904 841 iste,
923 803 1006 832 tum
1026 805 1141 846 quam
1157 805 1288 831 carum
1312 792 1513 831 habuerint
1536 791 1689 834 Dianae

418 847 508 887 suae
523 847 756 888 sacerdotem
777 846 936 900 Ephefii.
953 848 1102 886 Verum
1121 847 1158 885 in
1175 846 1384 893 Strabone,
1402 845 1471 884 nifi
1484 846 1609 894 fallor,
1626 847 1690 886 vi·

419 903 514 941 tium
531 903 661 940 haeret
680 902 795 940 unius
810 901 957 940 literae:
978 899 1121 953 refinge
1135 900 1345 950 μετιόντες,
1358 901 1458 939 etiam
1479 901 1616 939 aliunde
1629 915 1689 939 ar-

421 956 594 1006 cqffentes:
614 968 700 994 nam
721 955 803 993 fieri
822 953 987 1008 potuiffe
1009 954 1157 1006 saepius
1177 951 1374 999 existimo,
1393 964 1435 992 ut
1456 954 1602 994 civium
1622 967 1690 994 ne-

422 1022 491 1048 mo
513 1010 734 1062 dignitatem
759 1009 1009 1062 quantumvis
1032 1006 1292 1060 ampliffimam
1324 1007 1474 1046 amissae
1501 1008 1691 1048 virilitatis

420 1063 564 1102 damno
592 1074 748 1116 cuperet
775 1061 979 1115 consequi:
1001 1074 1120 1114 quare
1145 1061 1344 1100 eunuchus
1366 1061 1526 1114 aliquis,
1547 1060 1609 1101 sed
1631 1072 1689 1101 ta-

421 1130 512 1156 men
528 1117 630 1168 αξιος
643 1116 707 1157 τῆς
726 1118 977 1169 προστασίας,
995 1127 1062 1155 aut
1077 1115 1162 1154 talis
1177 1125 1292 1162 certe,
1318 1115 1384 1167 qui
1399 1115 1574 1168 corporis
1593 1116 1691 1155 inte-

401 1172 598 1224 -gritatem
622 1169 913 1223 splendidissimo
936 1169 1086 1209 muneri
1112 1168 1359 1222 postponeret
1375 1198 1386 1216 ,
1417 1169 1590 1208 alicunde
1620 1168 1694 1209 fuit

424 1225 723 1278 conquirendus.
748 1225 931 1264 Heraclit.
951 1224 1019 1276 Ep.
1036 1224 1082 1262 ad
1107 1222 1339 1262 Hermodor.
1357 1224 1428 1261 Sed
1450 1237 1550 1276 neque
1574 1238 1691 1262 canem

423 1280 520 1319 canis
545 1278 698 1330 exsecat,
720 1292 760 1318 ut
779 1294 841 1318 vos
864 1281 962 1317 Deae
981 1277 1188 1329 sacerdotem
1211 1275 1399 1329 exsecuistis
1426 1277 1661 1330 Megabyzum
1674 1306 1690 1323 ‚

423 1346 512 1373 metu
527 1349 566 1372 ne
582 1334 705 1386 virgini
727 1334 782 1371 vir
796 1334 1017 1384 consecretur:
1037 1332 1071 1370 δ’
1091 1346 1156 1384 quo
1177 1334 1274 1384 potio
1294 1331 1388 1383 impii
1406 1330 1570 1382 adversus
1587 1342 1692 1369 natu-

424 1403 497 1426 ram
510 1418 521 1435 ,
540 1387 591 1440 pii
613 1387 693 1438 fitis
719 1386 880 1438 adversus
891 1386 1123 1437 simulacrum.
1144 1384 1319 1434 Principio
1343 1384 1428 1423 enim
1449 1385 1488 1423 id
1504 1384 1631 1437 agitis,
1653 1394 1693 1423 ut

423 1442 512 1479 Diis
523 1441 656 1492 primus
674 1441 870 1492 imprecetur
880 1440 1043 1491 sacerdos
1062 1438 1184 1491 amiffa
1208 1438 1379 1477 virilitate.
1395 1438 1503 1478 Haec
1521 1439 1561 1477 &
1580 1437 1692 1491 plura

422 1495 559 1534 Latine
573 1495 673 1534 dedit
686 1494 896 1534 Politianus
909 1492 1002 1533 Obs.
1020 1494 1060 1533 δι
1076 1493 1158 1532 Em.
1172 1505 1253 1545 cap.
1272 1492 1332 1531 LI.
1345 1491 1456 1531 cuius
1470 1490 1582 1531 fidem
1597 1502 1641 1531 ut
1651 1492 1692 1532 in

425 1549 586 1588 dubium
608 1561 689 1588 non
707 1561 837 1596 voco,
854 1547 906 1588 fic
933 1547 1034 1587 unde
1060 1547 1185 1586 literas
1211 1545 1292 1585 illas
1314 1545 1502 1585 Heracliti
1518 1545 1694 1585 habuerit

424 1614 575 1648 erutas,
600 1601 740 1642 nescire
761 1616 822 1642 me
844 1600 1043 1655 profiteor.
1058 1601 1132 1640 tale
1153 1600 1305 1652 quidem
1321 1599 1411 1638 nihil
1425 1599 1470 1639 iis
1484 1600 1523 1639 in
1539 1598 1695 1652 Episto-

425 1656 470 1696 lis
487 1657 658 1696 invenias
670 1687 683 1703 ,
703 1670 802 1710 quae
823 1669 926 1696 nunc
939 1656 1121 1708 vulgatae
1140 1654 1326 1694 Heracliti
1344 1666 1487 1693 nomen
1501 1654 1694 1694 mentiun-

424 1721 499 1751 tur.
517 1711 663 1750 Eodem
679 1710 805 1750 refero
820 1710 1020 1750 Menandri
1032 1710 1162 1749 locum
1180 1708 1283 1761 apud
1297 1707 1399 1747 Suid.
1419 1708 1459 1746 in
1477 1707 1629 1760 Ζέικορος
1642 1728 1689 1738 -

428 1763 468 1804 οὔ
486 1766 716 1817 Μεγάβυζος
729 1757 782 1811 ἦν,
801 1764 840 1803 ὃς
858 1778 918 1803 τις
940 1762 1066 1816 (forte
1081 1757 1292 1802 meliusne
1311 1760 1398 1815 τις)
1415 1761 1558 1816 γένοιτο
1603 1759 1695 1800 leno-

427 1833 485 1871 ρος
495 1841 540 1848 --
551 1819 616 1858 ubi
627 1820 741 1872 plane
754 1819 907 1859 videtur
921 1816 1086 1871 positum
1101 1829 1172 1869 pro
1185 1815 1393 1856 Eunucho:
1412 1828 1499 1854 nam
1509 1815 1554 1854 de
1613 1815 1696 1854 uin-

427 1873 584 1914 &iliano
597 1872 625 1911 I.
640 1873 692 1912 O.
707 1874 761 1919 V,
783 1887 828 1911 12
839 1902 853 1918 ‚
870 1886 907 1925 p.
924 1872 1021 1925 456,
1040 1872 1137 1925 quin
1150 1871 1201 1909 ita
1216 1869 1384 1909 voluerit
1397 1869 1580 1922 intelligi,
1601 1868 1694 1908 nihil

426 1926 483 1966 est
496 1940 565 1967 cur
579 1928 816 1975 dubitemus,
836 1925 1051 1979 praesertim
1065 1938 1153 1965 cum
1165 1924 1271 1963 lateri
1285 1923 1438 1963 iuncius
1457 1924 1608 1962 haereat
1621 1923 1696 1962 Ba-

428 1994 537 2033 goas.
552 1981 607 2020 At
620 1980 758 2020 Plauto
774 1981 866 2033 quid
879 1979 995 2020 facies
1008 1981 1045 2018 in
1058 1979 1195 2019 Bacch.
1211 1977 1327 2023 A.11,
1345 1977 1404 2017 Sc.
1422 1977 1502 2026 111,
1519 1990 1571 2027 72
1587 1988 1596 2015 :
1613 1978 1695 2016 Nos

429 2039 525 2086 apud
544 2037 751 2074 Theotimum
766 2050 859 2073 omne
885 2049 1005 2072 aarum
1019 2034 1259 2086 depofivimus‚
1288 2032 1361 2082 Qui
1384 2031 1454 2070 illic
1467 2032 1626 2084 fizcerdos
1649 2031 1697 2083 est

429 2090 573 2128 Dianae
587 2090 765 2142 Ephefiae.
782 2089 865 2128 Nic.
885 2090 959 2139 Qui
976 2088 1045 2141 istic
1065 2087 1256 2126 Theotimus
1277 2088 1349 2139 est?
1366 2084 1460 2127 Chr.
1480 2083 1692 2136 Megalobuffi

422 2143 525 2195 filius
538 2173 550 2189 ‚
576 2144 649 2194 Qui
663 2159 753 2182 nunc
773 2142 809 2181 in
827 2141 964 2195 Epheso
984 2144 1026 2195 est
1040 2172 1051 2187 ‚
1070 2141 1228 2194 Ephesiis
1245 2140 1437 2192 cariffi'mus.
1456 2137 1485 2178 I.
1501 2136 1694 2178 Meurfius

429 2197 594 2249 primum
614 2197 703 2250 legit
719 2197 938 2250 Megalobuzi
948 2227 959 2244 ‚
974 2195 1037 2235 vel
1050 2195 1239 2246 Megabyzi
1250 2223 1263 2239 ‚
1282 2193 1388 2246 quod
1402 2194 1477 2232 iam
1493 2204 1696 2245 praecepe-

427 2262 514 2290 rant
527 2251 700 2290 Turneb.
719 2250 821 2290 Adv.
834 2249 993 2296 XVIII,
1015 2263 1077 2303 31,
1094 2248 1136 2288 δι
1151 2247 1380 2294 Lambinus;
1400 2246 1531 2286 deinde
1548 2245 1695 2285 nodum

429 2305 534 2344 hunc
547 2305 686 2345 nectit:
707 2308 777 2343 Sed
791 2306 853 2344 hoc
867 2306 949 2357 quid
964 2305 1007 2356 est
1018 2333 1027 2351 ‚
1049 2306 1140 2356 quod
1152 2303 1302 2340 Plautus
1314 2302 1416 2348 dicit,
1437 2300 1694 2340 Theotimum

429 2358 551 2397 filium
567 2358 774 2412 Megabyzi
787 2389 798 2407 ‚
831 2376 844 2397 ι
863 2359 917 2397 ille
938 2360 1155 2411 Megabyzus
1170 2357 1394 2395 Eunuchus?
1413 2366 1527 2408 quem
1542 2364 1596 2393 -ut
1617 2352 1695 2391 sol—

429 2424 521 2460 vat,
551 2425 695 2465 operae
720 2414 883 2465 pretium
913 2411 966 2452 est
992 2412 1132 2451 audire.
1162 2411 1340 2463 Explica:
1363 2408 1568 2461 Megabyzi
1591 2405 1693 2446 filius

430 2467 515 2505 idem
530 2468 640 2515 valet,
661 2468 743 2518 acsi
756 2466 893 2518 dixiffet
907 2466 1165 2518 Megabyzus:
1184 2481 1263 2503 nam
1277 2464 1518 2516 appellativum
1533 2461 1623 2500 illud
1632 2475 1696 2498 no·

430 2519 598 2574 mensuit:
614 2524 776 2576 quomodo
788 2519 916 2575 ἒοιτροῦ
927 2522 1020 2561 wast
1030 2535 1095 2574 pro
1111 2535 1163 2566 eo,
1176 2521 1267 2572 quod
1280 2520 1323 2571 cst
1334 2516 1469 2571 ιὀοτρὸς.
1482 2515 1597 2563 Vide,
1608 2525 1691 2568 quo
