1737 3378
337 219 437 265 IN
502 218 1061 265 NIGRINUM.
1241 233 1333 280 277

74 305 252 360 ufitrpari,
283 307 506 346 Grammatici
527 309 653 346 docent.
681 308 785 345 Vertit
800 307 954 359 interpres
968 305 1134 354 Luciani,
1154 318 1200 345 ne
1223 318 1244 345 a
1265 318 1334 345 ve-

22 369 25 374 *
73 362 184 400 ritate
207 359 272 399 sua
295 360 552 413 depellantur,
581 376 676 412 quern
701 361 844 399 aubloris
866 359 1001 410 sensum
1033 376 1099 398 non
1124 360 1332 411 afficimini,

74 413 266 464 Brzffimius
281 414 421 464 Praefi’s
441 413 561 465 afferit.
578 414 676 454 ¹Hoc
693 414 792 452 enim
818 412 1068 464 significabat,
1088 414 1216 463 inquit,
1247 413 1332 451 Ro-

74 479 213 506 manos
237 479 346 506 veras
369 467 520 504 demum
545 479 662 506 voces
681 466 756 505 διε.
786 469 884 517 Quae
909 467 990 503 mihi
1011 482 1033 503 a
1061 466 1203 504 Luciam·
1229 479 1333 504 mente

74 521 172 571 longe
189 521 361 558 remotiora
381 520 562 564 videntur,
582 534 682 571 quam
699 535 784 571 quae
807 519 947 557 reddidit
969 521 1137 568 interpres.
1161 521 1239 570 Ego
1254 521 1330 570 qni-

73 577 146 612 dem
168 574 320 611 veritatis
335 572 420 623 ficae
443 574 603 610 damnum
623 587 736 624 capere
750 603 761 620 ‚
787 573 869 610 idem
886 584 992 622 puto,
1023 587 1065 610 ac
1089 573 1184 610 bonis
1203 574 1306 609 avitis
1318 602 1332 618 ,

76 637 138 665 aut
169 627 255 679 iusta
284 626 461 664 hereditate
481 626 633 678 privari,
654 641 737 677 quae
766 626 832 676 lege
862 625 1014 672 obvenit,
1038 626 1072 662 6³
1093 626 1163 662 iure
1186 628 1331 676 quod.an

74 691 217 720 naturae
235 680 344 718 liberis
368 678 522 729 defertur.
549 678 653 717 Tum
675 679 832 729 probat,
858 677 988 717 ἀληθὲς
1013 691 1084 730 pro
1103 677 1251 725 Σικκίῳ,
1275 693 1332 715 ve-

75 748 150 773 mm
171 745 243 785 pro
261 733 343 785 iusto
364 733 476 785 poni:
503 732 640 784 quibus
658 745 704 770 an
726 733 818 785 quid
840 732 1051 784 excogitari
1070 729 1249 783 potuiss'et
1264 731 1332 768 ab·

73 785 250 832 surdius,
274 786 448 838 equidem
475 784 624 825 nescio:
650 785 710 824 sed
734 785 946 825 Gutherius
967 785 1163 824 erroribus
1189 782 1333 835 gravis-

73 839 176 880 fimis
197 839 390 879 obnoxius
412 839 659 891 plerumque,
686 839 725 878 δε
749 850 882 885 caute,
904 838 932 878 fi
961 838 1180 891 quisquam,
1203 837 1332 889 legen-

75 894 168 941 dus,
193 893 287 932 nihil
308 891 361 932 est
382 891 540 939 causae,
563 905 632 932 cur
658 905 730 932 nos
740 905 992 945 'magnopere
1017 902 1201 931 moretur.
1244 890 1330 929 Ma-

75 947 199 986 iorem
225 956 392 999 utroque
412 946 526 998 longe
548 947 668 985 maior
690 947 814 987 luoem
838 946 963 985 attulit
987 945 1030 984 Is.
1055 944 1330 989 casaubonus,

77 1001 125 1040 ad
143 1000 318 1040 Suetonii
333 1000 436 1052 Aug.
458 1010 620 1040 notans:
645 1002 873 1039 Romanorum
896 1016 967 1039 mos
981 999 1057 1050 fuit
1077 1000 1110 1037 in
1133 999 1333 1051 testamentis

76 1054 242 1108 increpare
266 1054 374 1100 alios,
396 1054 583 1092 maledicere
606 1054 706 1097 aliis,
735 1055 769 1092 ὃ·
789 1054 921 1092 liberam
938 1055 977 1091 de
995 1053 1243 1105 quibusttmque
1260 1052 1330 1090 vel-

76 1109 147 1147 lent
172 1123 284 1146 vocem
304 1111 415 1146 edere:
440 1108 512 1146 ideo
537 1107 664 1145 dicebat
683 1107 854 1160 Nigrinus
877 1110 971 1160 apud
994 1107 1204 1151 Luciimum,
1230 1109 1332 1144 Μίαν

77 1175 123 1213 φ.
145 1162 221 1201 &c.
241 1173 289 1200 ex
308 1161 465 1213 quibus,
484 1160 611 1199 virum
627 1173 806 1212 magnum
828 1160 918 1199 illud
937 1159 1145 1199 ἀπολαύειν
1166 1172 1245 1198 non
1266 1158 1332 1197 ali-

77 1226 136 1255 ter
154 1228 198 1254 ac
210 1215 427 1254 Brodaeum
451 1213 632 1266 accepisse
650 1227 722 1266 pro
736 1214 1024 1253 incommodum
1045 1224 1109 1252 aut
1126 1213 1332 1251 detrimen-

78 1279 162 1308 tum
187 1268 288 1322 pati‚
313 1280 392 1306 non
417 1266 577 1306 obscure
603 1268 807 1319 colligitur.
839 1267 990 1306 Frustra
1014 1265 1262 1310 consensum,
1287 1275 1331 1303 ut

78 1321 182 1362 reue
205 1331 383 1360 notatum
399 1320 630 1368 Gronovio‚
661 1321 774 1360 ia&at
798 1321 1090 1369 Bourdelotius‚
1114 1321 1183 1372 qui
1206 1318 1332 1358 nescio

77 1389 194 1429 quam
215 1374 527 1415 observationem
548 1387 597 1413 ex
617 1375 717 1414 leeto
735 1375 931 1414 Torrentii
951 1375 996 1413 ad
1010 1374 1173 1413 eundem
1194 1373 1332 1413 Sueto-

78 1430 136 1468 nii
157 1429 288 1469 locum
308 1429 584 1468 commentario
604 1428 808 1475 conflavit,
831 1442 948 1481 quam
970 1441 1110 1467 vereor
1135 1427 1266 1474 vaide,
1287 1437 1332 1464 ut

80 1482 158 1536 ipse
178 1482 514 1522 satisintellexerit.
537 1482 711 1522 Tandem
731 1482 886 1521 mirifica
903 1482 1087 1535 quaedam
1106 1479 1160 1520 est
1182 1480 1333 1524 oratio,

80 1550 198 1590 quam
227 1536 458 1576 Gronovius
486 1535 656 1576 confixit.
689 1536 859 1584 Romani,
885 1548 956 1575 tota
983 1536 1055 1574 vita
1080 1550 1155 1575 cum
1174 1534 1332 1586 fimulate

82 1592 225 1644 egerint,
242 1605 355 1629 veram
372 1605 476 1628 unam
494 1606 604 1630 vocem
626 1591 729 1629 edunt
749 1591 785 1629 in
809 1589 1026 1643 testamentis,
1051 1605 1091 1627 ne
1113 1605 1155 1627 ex
1179 1589 1244 1627 lzac
1259 1587 1331 1639 sua

81 1645 221 1686 veritate
245 1645 450 1697 voluptatem
479 1645 637 1695 capiant,
667 1659 748 1683 neve
769 1646 842 1697 post
869 1659 940 1683 eam
961 1643 1112 1682 veritatis
1134 1642 1190 1680 vel
1215 1642 1333 1680 mentis

75 1700 162 1753 suae
182 1699 376 1751 veriffirnam
398 1697 624 1751 profeſjionem
647 1698 765 1736 laetari
787 1699 910 1750 poffint
933 1714 970 1736 eo
988 1696 1082 1748 fabio
1112 1696 1185 1735 &c.
1219 1694 1332 1747 (post

82 1762 247 1792 mortem
271 1751 435 1804 opinor)
454 1751 605 1804 qualem
628 1750 848 1790 sententiam
870 1751 917 1790 ab
934 1750 1090 1789 homine
1103 1780 1114 1796 ‚
1132 1750 1219 1802 qui,
1240 1747 1334 1801 quid

0 1785 1 1841 i
80 1806 239 1854 scribat,
260 1806 423 1857 cogitet,
447 1806 588 1845 nedum
605 1818 628 1843 a
651 1805 820 1845 Luciano
843 1804 1008 1857 potuisse
1033 1801 1239 1857 proficisci,
1259 1814 1334 1854 ego

80 1860 176 1900 mihi
195 1872 274 1899 non
296 1858 514 1911 persuadeo.
535 1859 598 1898 Ad
617 1872 678 1898 me
692 1860 796 1912 quod
809 1860 962 1905 attinet,
976 1857 1005 1897 fi
1020 1870 1113 1898 vera
1125 1856 1200 1902 est,
1218 1868 1334 1908 quam

83 1913 213 1955 cun&i
233 1912 357 1953 Codd.
377 1923 536 1952 tuentur
546 1943 559 1960 2
582 1923 733 1966 recepta
747 1913 860 1952 leetio
874 1943 885 1961 ‚
898 1912 985 1951 τοὺς
999 1912 1096 1961 ἀμφὶ
1109 1910 1176 1950 τὴν
1190 1909 1335 1948 νεκυῖέιν

87 1982 134 2007 τε
148 1968 212 2006 καὶ
233 1969 306 2006 τὰς
322 1963 501 2007 διαθήκας
514 1965 821 2016 καλινὲουμένους
835 1977 1050 2019 captatores
1063 1964 1235 2015 intelligo
1256 1974 1334 2001 tam

85 2021 253 2073 graviter
277 2033 299 2060 a
327 2020 501 2059 Luciano
529 2019 747 2073 praesertim
776 2021 986 2073 exagitatos
1003 2050 1014 2067 ‚
1044 2031 1212 2071 quorum
1247 2015 1336 2055 sane

85 2075 249 2114 studium
271 2086 387 2113 omne
406 2073 445 2111 in
465 2073 643 2114 funerum
665 2073 768 2114 iustis
797 2074 837 2113 δι
862 2072 1172 2113 testamentorum
1199 2070 1344 2110 tabulis

86 2127 321 2168 versabatur.
352 2127 416 2166 De
442 2126 514 2167 isto
544 2127 801 2167 insidiatorum
829 2140 967 2180 genere
996 2139 1087 2165 cum
1117 2136 1247 2178 ageret
1267 2124 1338 2163 Ni-

85 2182 238 2236 grinus,
266 2182 340 2220 hoc
365 2181 458 2233 quin
482 2181 631 2221 adderet
654 2180 823 2234 insuper,
855 2181 1060 2234 praeterire
1084 2192 1164 2218 non
1191 2178 1341 2230 potuit,

87 2248 205 2276 unam
231 2235 434 2275 Romanos
466 2245 548 2273 tota
573 2235 655 2274 vita
682 2247 816 2274 veram
840 2247 981 2274 vocem
1009 2233 1204 2276 emittere,
1231 2231 1339 2283 (tum

86 2290 295 2334 nimirum,
324 2287 478 2340 quando
500 2289 630 2327 corvis
659 2288 852 2327 hiantibus
874 2286 1008 2327 delusis
1038 2299 1110 2337 pro
1134 2285 1340 2330 hereditate

86 2341 233 2396 sperata
266 2342 390 2382 restim
418 2355 506 2381 cum
537 2341 753 2394 digniffimis
780 2341 914 2393 elogiis
946 2340 1191 2391 relinquunt)
1223 2351 1339 2390 quam

87 2409 169 2436 non
192 2396 309 2435 libere
331 2395 481 2448 quidem
505 2395 545 2434 δε
569 2396 692 2448 palam
711 2408 963 2447 expromam,
988 2393 1050 2433 sed
1074 2393 1236 2432 abditam
1258 2392 1344 2430 ulti·

91 2463 176 2489 mae
195 2450 408 2490 voluntatis
426 2449 645 2488 testimonio
666 2448 906 2500 consignent:
933 2461 1002 2488 cur
1026 2447 1101 2487 hoc
1119 2448 1271 2486 autem?
1296 2457 1343 2483 ne

30 2545 36 2550 ,
92 2502 231 2544 scilicet
251 2516 301 2544 ex
318 2503 459 2559 apertis
480 2502 595 2543 animi
615 2503 715 2544 veris
731 2501 916 2552 sensibus,
937 2515 1037 2556 quos
1046 2500 1247 2595 Scommodi
1261 2511 1346 2539 cau-
