1737 3378
411 198 499 258 362
607 191 1476 242 ANNOTATIONES

404 294 593 335 propere,
614 281 654 321 ὃ(
679 294 728 321 ne
751 281 913 321 minimo
938 281 1093 335 quidem
1121 294 1254 322 morae
1277 282 1499 332 interie&o‚
1521 283 1572 324 ait
1592 284 1679 325 Plu-

378 353 381 356 ·
407 346 493 381 tus,
515 348 576 374 me
598 336 745 376 Timon
771 335 967 389 profudit,
991 348 1038 374 ac
1065 336 1113 384 ii,
1135 337 1201 389 qui
1223 337 1349 389 ignem
1371 338 1409 376 in
1430 338 1603 378 manibus
1623 349 1682 378 te·

407 399 556 436 nentes,
577 401 668 428 eum
685 403 774 443 prae
788 390 924 430 dolore
938 390 1122 429 acerrime
1140 392 1338 443 pungenti,
1358 391 1460 431 illico
1478 392 1676 431 deiiciunt.

408 441 527 482 Certe
548 442 639 483 illud
659 443 773 483 Fabri
797 444 862 483 καὶ
887 443 1081 483 videretur
1104 444 1221 493 mihi,
1245 444 1274 484 fi
1299 444 1470 493 adforet,
1496 445 1682 498 ἓικρέινοις

406 495 618 548 ἓξωθιιτέον.
634 498 740 537 IENS.

461 554 538 604 eald.
554 551 579 590 l.
599 565 656 600 14.
673 550 865 604 Ἐτοιίροιή
880 550 1031 600 Scribe,
1052 549 1232 602 ἑταίραις,
1242 551 1379 604 scortis.
1400 552 1541 593 BROD.
1557 551 1682 592 ‘Eun'-

406 618 489 657 pom
506 605 654 657 primae
675 606 757 645 edd.
785 617 1038 658 ceteraeque,
1062 605 1099 644 ni
1122 604 1256 652 fallor,
1278 618 1429 646 omnes.
1446 607 1682 647 Mutandum

407 656 554 697 censuit
566 658 746 711 Cuperus
760 657 853 699 obs.
870 658 949 705 ΠΙ,
969 674 1010 698 2:
1031 661 1183 698 Emendo
1198 658 1365 713 ἑταίροις·
1381 676 1482 713 neque
1499 662 1585 700 enim
1609 677 1686 700 me-·

411 713 563 751 tetricum
580 714 679 751 ullibi
693 715 748 753 hic
763 713 884 752 mentio
895 743 906 761 ‚
927 728 1014 766 quas
1017 715 1093 764 fine
1113 715 1213 753 dubio
1234 716 1300 753 huc
1319 714 1553 766 introduxfft
1564 730 1682 754 emun-

408 770 478 805 {lae
496 767 591 804 naris
609 768 708 806 homo
720 798 733 814 ,
751 782 818 806 non
830 767 930 819 ficus
950 782 990 805 ac
1012 769 1181 819 parasitos
1193 800 1204 818 ,
1222 769 1439 815 adulatores,
1459 769 1609 822 aliosque
1617 769 1681 821 Jo-

408 820 480 859 cios
494 820 530 858 δ’
547 821 673 860 amicos
692 822 856 860 Timonis.
879 821 926 860 Et
948 820 1024 859 hoc
1047 820 1135 861 sane
1157 833 1335 862 notatum
1350 835 1510 876 quoque
1527 823 1685 875 reperio

410 873 460 912 ad
485 875 695 927 marginem
719 875 777 915 ed.
792 876 843 915 A.
864 888 878 912 t
900 878 961 914 W.
976 875 1030 914 At
1043 875 1155 921 vid-e,
1174 888 1363 929 quantum
1384 877 1524 916 iudicia
1545 875 1684 916 discre-

406 939 523 981 pent:
545 928 747 968 invenerat
772 928 973 969 Brodaeus
996 929 1035 968 in
1060 928 1186 969 nescio
1209 942 1288 983 qua
1305 929 1386 970 five
1408 931 1579 971 editione
1603 929 1685 970 five

407 983 634 1021 membrana
659 982 799 1037 scripta
824 982 989 1036 ἑταίροις·
1022 983 1052 1022 is
1084 984 1223 1037 reponi
1253 983 1360 1023 iubet
1395 982 1572 1036 ἑταίρους.
1598 984 1686 1024 Nos

408 1036 524 1078 etiam
538 1038 803 1077 meretricibus
814 1037 922 1076 suum
935 1035 1008 1076 effe
1019 1036 1149 1077 locum
1160 1038 1258 1077 inter
1269 1037 1567 1078 damnofiffimas
1577 1036 1684 1077 fundi

408 1091 662 1141 quantumvis
677 1092 852 1144 opulenti
870 1092 1105 1131 calamitazes
1118 1090 1228 1131 facile
1242 1091 1432 1144 patimur:
1454 1102 1687 1145 argumento

409 1142 559 1196 Cuperi
579 1143 753 1185 ficulneo
775 1146 869 1184 nihil
897 1145 974 1194 est,
1004 1158 1073 1184 cur
1098 1144 1297 1198 quisquam
1323 1156 1554 1194 moveatur3
1574 1156 1688 1186 tanto

408 1198 556 1246 minus,
577 1200 669 1251 quia
681 1200 720 1238 in
731 1199 983 1253 Alciphronis
1000 1198 1074 1246 111,
1092 1200 1161 1253 Ep.
1188 1214 1251 1253 34,
1277 1200 1322 1239 de
1336 1199 1413 1239 hoc
1431 1200 1601 1240 Timone
1614 1212 1689 1240 no-

411 1249 491 1291 stro
511 1251 640 1292 scribit
655 1253 817 1294 Gnatho
829 1285 841 1303 ‚
862 1252 1065 1294 σπαθίισιες
1088 1253 1155 1294 τὴν
1175 1250 1302 1293 οὐσίαν
1319 1253 1371 1293 εἰς
1389 1251 1487 1304 ἡμεῖς
1505 1252 1594 1294 τοὺς
1608 1269 1688 1294 ποι-

409 1305 594 1358 ροισίτους
617 1308 682 1345 καὶ
702 1310 775 1347 τὰς
792 1307 955 1358 ἑταίραις·
970 1308 1020 1346 ibi
1042 1308 1249 1347 commode
1261 1307 1466 1361 Berglerus
1479 1307 1597 1347 verba
1610 1307 1690 1347 Lu-

410 1359 512 1399 ciani
529 1362 710 1413 protulit:
735 1363 812 1401 vid.
836 1362 990 1401 Plutum
1013 1362 1207 1415 Aristoph.
1227 1375 1266 1400 v.
1285 1360 1689 1415 243.10h.Chrysost.

412 1413 461 1451 Oi
471 1414 542 1464 μὲν
556 1415 711 1466 πορναῖς
729 1415 888 1455 &Seiam
901 1446 914 1462 ,
934 1414 963 1454 οἱ
978 1415 1022 1454 δὲ
1041 1416 1284 1467 παρασίτοις,
1304 1414 1332 1453 οἱ
1353 1414 1581 1467 ἒὲκὸλαξιν,
1600 1414 1688 1455 vise

410 1467 556 1519 τέρασι.
572 1468 773 1522 Diogenes
788 1470 890 1523 apud
910 1470 1018 1510 Stob.
1033 1484 1069 1523 p.
1091 1470 1164 1521 506
1181 1468 1451 1522 elegantiffima
1469 1470 1690 1509 divitiarum

410 1534 502 1560 cum
518 1523 664 1562 vitibus
677 1523 937 1577 arbustisque,
957 1537 1061 1577 quae
1076 1524 1292 1577 praeruptis
1308 1523 1349 1562 δι
1369 1522 1564 1564 inacceffis
1581 1523 1689 1577 rupi-

410 1574 486 1615 bus
510 1575 784 1625 innascuntur,
806 1579 1111 1632 comparatione.
1130 1578 1274 1617 Rarius
1295 1577 1451 1630 quidem
1477 1588 1690 1618 occurrunt

411 1629 453 1668 in
478 1641 554 1670 tam
570 1630 723 1672 sordido
744 1634 933 1672 comitatu
953 1631 1114 1685 ἑταῖροι,
1135 1633 1235 1671 amici
1251 1631 1449 1685 fiudalefilue
1458 1646 1475 1679 ‚·
1498 1631 1540 1671 &
1558 1642 1689 1671 tamen

410 1685 697 1738 nonnusquam.
718 1687 909 1727 Heraclid.
931 1687 1033 1740 apud
1052 1686 1197 1726 Athen.
1227 1686 1323 1732 XII,
1349 1700 1385 1739 p.
1417 1698 1490 1739 537
1515 1684 1561 1725 C.
1590 1684 1691 1725 ποῖοι

412 1739 500 1790 ’γὰρ
515 1735 553 1778 οὗ
574 1740 750 1787 κόλακες,
768 1742 786 1781 ii
804 1742 844 1780 τί
861 1739 997 1781 πλῆθος
1014 1736 1091 1793 οὐχ
1103 1739 1253 1792 ἑταίρων
1270 1739 1354 1789 περὶ
1370 1736 1486 1779 αὗτὸν
1505 1738 1690 1791 (Calliam

413 1791 632 1846 Hipponici
660 1794 814 1848 filium)
835 1788 940 1835 ἦσαν·
963 1796 1079 1834 vertit
1105 1793 1398 1846 Dalecampius,
1421 1793 1527 1847 quast
1545 1793 1692 1845 legiffet

411 1844 584 1900 ἑταιρῶν·
599 1850 707 1902 quod
727 1850 879 1902 quidem
898 1848 1047 1889 neceffe
1062 1861 1141 1888 non
1157 1847 1220 1888 est.
1239 1847 1410 1887 Philostr.
1431 1848 1477 1887 de
1496 1848 1549 1887 V.
1571 1847 1607 1888 S.
1629 1848 1688 1896 ΙΙ,

415 1912 449 1940 c.
471 1915 535 1953 25,
552 1901 568 1951 §
597 1917 640 1956 3,
661 1904 936 1944 Hermocrates
954 1914 1132 1956 paternas
1155 1914 1250 1956 opes
1270 1900 1458 1954 diffipavit
1476 1898 1690 1962 ἐςρέκρατον

413 1955 482 1994 καὶ
502 1954 668 2009 ἑταίρους
691 1955 787 1997 οἵους
806 1952 1032 2010 παρᾶσχεῖν
1058 1957 1122 1996 καὶ
1144 1955 1324 2008 κωμῳέίᾳ
1350 1955 1476 2009 λόγον,
1499 1959 1568 1996 οἱον
1589 1971 1689 2008 mep-

414 2008 538 2060 έσχον
555 2009 583 2048 οἱ
599 2011 766 2050 Καλλίαν
781 2012 875 2050 πὸτε
891 2012 954 2050 τὸν
968 2010 1180 2050 Ἱππονίκου
1195 2008 1503 2049 nonan-succentus.
1518 2009 1582 2049 Ad
1595 2023 1688 2051 eum

415 2061 548 2102 locum
564 2063 743 2105 Olearius
755 2064 795 2104 δι
809 2064 978 2105 diversos
991 2064 1132 2105 Callias
1148 2062 1336 2110 confudit,
1356 2063 1397 2103 &
1410 2063 1567 2117 prorsus
1577 2064 1689 2117 igno-

415 2117 536 2165 ravit,
558 2118 596 2156 in
610 2130 739 2158 mente
751 2118 857 2159 fuiffe
872 2119 1102 2159 Philostrato
1119 2117 1351 2158 notiflimam
1368 2118 1563 2171 Eupolidis
1577 2117 1690 2158 fabu-

415 2169 493 2209 lam
508 2171 698 2218 Κόλακιις,
716 2186 793 2226 qua
808 2174 968 2213 Calliam
994 2187 1084 2213 cum
1101 2172 1290 2212 sodalibus
1312 2170 1386 2212 suis
1406 2173 1563 2226 impuris
1580 2185 1689 2212 acer-

415 2224 611 2264 biffimum
632 2227 669 2264 in
694 2227 853 2266 modum
879 2228 1068 2274 traduxit,
1090 2238 1134 2267 ut
1151 2226 1298 2267 constat
1319 2238 1369 2266 ex
1386 2226 1528 2267 Athen.
1548 2239 1585 2280 p.
1615 2226 1690 2279 506

415 2278 458 2318 F.
475 2280 517 2319 &
531 2279 660 2320 Schol.
674 2281 869 2335 Aristoph.
883 2283 928 2321 ad
943 2282 1024 2322 Av.
1038 2295 1077 2321 v.
1096 2281 1185 2330 284.
1200 2281 1362 2320 HEMST.

470 2334 506 2372 in
525 2336 642 2374 Schol.
665 2337 728 2375 col,
750 2350 785 2375 2.
811 2337 835 2374 l.
862 2350 893 2376 1.
908 2336 953 2375 Ἢ
975 2338 1082 2375 κατὰ
1104 2333 1200 2388 δύο)
1221 2333 1465 2388 Transpone:
1487 2332 1688 2388 ἒιῃρημένοι

416 2385 437 2426 ῑὶ
453 2400 488 2426 κ.
512 2386 550 2426 «5¹.
570 2388 588 2427 ii
611 2404 645 2428 κ.
664 2403 722 2441 τς.
743 2385 795 2430 οἷς
814 2390 1064 2439 ἐφάπτονται.
1085 2390 1247 2429 HEMST.

475 2442 566 2492 Pag.
588 2441 650 2495 83.
671 2444 694 2482 l.
722 2458 755 2496 3.
779 2444 824 2483 Οἱ
845 2443 974 2497 λάροι)
1004 2444 1128 2483 Stolidc'
1150 2444 1186 2482 ἃ·
1203 2442 1438 2494 obsonatores:
1462 2441 1640 2495 adagium
1663 2454 1686 2482 a

419 2495 525 2546 Lari,
545 2497 581 2537 id
600 2496 677 2545 est,
697 2498 834 2551 gaviae
858 2498 1013 2553 ingenio
1038 2497 1215 2539 sumtum.
1234 2498 1374 2538 BRon.
1392 2495 1502 2552 Quid
1518 2496 1690 2541 voluerit
