1737 3378
389 211 482 266 ²09
584 182 1450 236 ANNOTATIONES

386 293 489 321 nunc
507 278 672 317 leffione
694 277 852 330 vulgata
873 289 944 316 nos
964 287 1119 329 oportet
1139 275 1214 317 effe
1236 288 1460 318 contentos:
1481 278 1654 319 hibernum·

380 333 550 385 somnium
559 346 576 378 ,·
596 347 674 370 nam
686 331 886 384 longiffimae
893 329 980 382 sunt
990 334 1106 368 nobles.
1119 329 1257 382 Polyd.
1274 331 1480 383 Vergilius,
1496 331 1653 384 Cogna-

384 398 469 425 tum
488 384 659 430 secutus,
676 397 726 424 ex
744 387 798 423 his
817 385 1052 437 paroemiam
1075 384 1246 429 effinxit,
1258 384 1433 424 Somnium
1455 386 1653 431 hibernum,

391 440 433 479 &
449 451 517 478 cur
529 439 715 477 dicanicum
729 439 914 477 diceretur
924 468 934 485 ,
949 437 1143 490 explicare
1161 437 1232 477 fuit
1246 448 1426 477 conatus:
1442 450 1654 491 utrumque

389 492 511 531 male:
534 505 620 530 nam
642 492 683 532 &
699 491 763 530 tali
781 491 993 544 proverbio
1011 491 1173 530 libenter
1195 503 1392 538 caremus,
1415 491 1455 531 &
1478 492 1548 531 alia
1570 492 1656 532 lon-

388 558 437 598 ge
459 544 514 585 est
533 544 666 593 causa,
689 558 757 585 cur
779 545 938 584 ἐνύπνιον
958 544 1146 583 δικανικὸν
1162 545 1386 591 vocaverit,
1400 544 1569 597 sbmnium
1593 547 1656 584 ab·

384 600 528 652 surdum
549 600 584 637 6³
604 599 744 638 auribus
763 613 891 650 grave,
910 598 1038 650 qualia
1061 599 1242 638 nimirum
1262 598 1381 637 multa
1396 598 1571 639 causidici
1590 599 1657 639 de-

389 652 574 692 blaterare
595 652 725 692 solent.
742 652 879 691 Parum
896 652 1007 691 distat
1022 651 1112 691 illud
1126 651 1292 692 Platonis
1308 652 1345 690 in
1360 652 1479 705 Apol.
1496 667 1531 706 p.
1550 667 1595 705 25
1611 655 1657 692 A.

389 706 455 759 ἰρῶ
476 706 520 745 5⁰9
540 703 622 754 ὑμῖν
634 708 793 756 φορτικὰ.
805 705 891 754 μὲν,
910 705 973 744 καὶ
997 704 1175 744 Sanctum&
1189 735 1201 751 ,
1222 704 1341 745 ἁληθῆ
1357 704 1415 744 Σὲ.
1434 706 1593 746 Theaet.
1614 720 1652 759 p.

397 759 470 799 128
487 760 527 799 E.
549 760 667 798 Simili
684 759 802 798 modo
825 759 927 810 apud
947 759 1159 797 Lucianum
1179 758 1287 812 saepe
1302 772 1524 806 occurrere,
1545 771 1657 799 nota·
1702 759 1715 800 ,’

394 814 450 852 vit
473 814 626 852 Herald.
649 812 725 851 An.
746 813 783 850 in
807 811 919 851 Salm.
941 811 1036 851 Obs.
1057 812 1104 851 ad
1129 812 1157 851 Ι.
1176 813 1227 852 Α.
1248 814 1290 853 &
1308 812 1357 852 R.
1381 813 1462 863 VI,
1487 826 1522 853 c.
1551 812 1654 862 10,§
1703 817 1716 863 »ζ

392 880 429 920 9.
455 868 617 906 HEMS'r.
1710 870 1715 884 ²

449 921 527 959 ibid.
550 919 593 958 Αἱ
614 918 760 971 νύκτες)
781 919 882 957 Hinc
900 917 1069 956 Platonis
1090 917 1246 958 Comici
1268 917 1418 968 fabula,
1437 919 1546 960 cuius
1563 920 1658 960 titu·
1711 939 1715 953 ι

395 973 455 1013 lus
479 976 566 1012 Nox
586 974 688 1025 longa
701 1002 714 1018 ,
730 972 879 1011 laudata
894 971 1041 1010 Polluci
1057 971 1135 1018 VI,
1154 987 1214 1025 33.
1231 972 1388 1012 SOLAN.
1710 963 1715 976 ⁴

451 1027 531 1065 ibid.
552 1027 786 1078 Τριὲσπερος)
806 1025 965 1070 Facete,
989 1037 1031 1064 ut
1055 1024 1173 1064 solet:
1198 1030 1404 1078 τριέσπερον
1422 1024 1539 1066 νὀοεῑ
1559 1028 1661 1067 Her·
1711 1039 1716 1065 2

396 1080 522 1131 culem
543 1081 590 1119 ab
603 1079 786 1118 trinoctio
805 1079 870 1118 illo
883 1108 894 1123 .
908 1079 1014 1131 quod
1034 1079 1195 1118 tradit-ur
1216 1080 1251 1117 in
1269 1092 1318 1119 eo
1337 1081 1588 1133 concipiendo
1603 1082 1660 1120 in·
1708 1114 1710 1119 .

396 1132 577 1174 sumtum.
597 1134 702 1173 Nota
719 1132 771 1171 est
791 1132 917 1171 fabula
939 1132 1104 1171 trinoffii
1127 1133 1356 1173 concubitus
1376 1133 1483 1173 Iovis
1501 1134 1543 1174 δι
1558 1134 1662 1174 Alc·
1711 1136 1715 1157 ²*

399 1200 534 1227 menae
554 1188 616 1226 vel
632 1200 678 1226 ex
701 1187 856 1234 Plauto,
877 1186 999 1225 velex
1014 1185 1096 1238 ipso
1117 1187 1289 1226 Luciano
1306 1188 1343 1226 in
1363 1186 1599 1228 Dial.Merc.
1617 1188 1659 1228 δι

399 1241 509 1281 Solis.
533 1240 681 1280 COGN.
697 1241 806 1279 Haec
830 1241 880 1278 ait
898 1252 965 1293 per
986 1239 1208 1279 allusionem
1233 1241 1278 1279 ad
1302 1241 1602 1295 Lycophronem
1619 1243 1660 1282 in

400 1295 617 1334 Alexandra
636 1292 757 1333 statim
778 1295 912 1339 initio,
932 1294 995 1332 ubi
1015 1294 1060 1332 de
1079 1294 1250 1333 Hercule
1270 1293 1343 1333 s1c:
1370 1292 1409 1335 A}
1431 1291 1478 1335 αἶ
1492 1295 1662 1334 τάλαιναι
1708 1312 1711 1313 ’

401 1349 583 1399 θηλαμὼν
605 1352 812 1397 κεκαυμένη
844 1347 913 1384 Καὶ
943 1347 1087 1399 πρόσθε
1107 1347 1174 1397 μὲν
1202 1347 1378 1396 πεὺκῃσιν
1398 1345 1663 1398 οὖλαμηφόροις

400 1404 618 1454 Τριεσπέρου
634 1403 781 1441 λέοντος
799 1423 857 1438 -.
873 1400 1005 1452 Quem
1022 1401 1229 1440 Herculem
1245 1404 1452 1453 τριέσπερον
1465 1409 1594 1442 λεοντα
1607 1403 1662 1442 di-

402 1456 480 1503 xit,
498 1466 541 1494 ut
553 1456 822 1508 interpretatur
838 1454 1013 1501 Tzetzes,
1029 1454 1093 1493 vel
1109 1455 1215 1507 quod
1235 1455 1362 1507 plures
1372 1454 1503 1495 noctes
1518 1457 1663 1509 impen-

400 1509 456 1548 dit
477 1508 646 1561 Iuppiter
667 1510 704 1547 in
731 1509 811 1548 eius
837 1509 1143 1560 generationem,
1165 1508 1229 1547 vel
1256 1509 1362 1561 quod
1386 1522 1453 1559 per
1478 1520 1556 1549 tres
1580 1510 1662 1550 dies

404 1561 540 1603 manfit
559 1563 596 1601 in
612 1573 751 1602 ventre
769 1562 843 1600 ceti
856 1593 866 1608 ‚
886 1572 929 1601 ut
948 1561 1156 1601 Hefionem
1174 1561 1359 1602 liberaret.
1377 1562 1510 1603 PALM.
1525 1564 1663 1617 Agno-

402 1615 482 1657 sces
499 1617 612 1657 etiam
626 1616 839 1655 Lucianum
857 1616 895 1654 in
912 1614 1012 1655 Gall.
1029 1615 1043 1664 §
1063 1630 1076 1654 1
1087 1629 1124 1661 2,
1137 1616 1340 1668 τριέσπερον
1351 1616 1396 1655 etv
1412 1614 1530 1656 tisim
1545 1615 1600 1657 ἔτι
1615 1613 1665 1657 εἷ-

404 1670 471 1710 Σον
488 1673 551 1709 τον
570 1670 711 1722 Ἄνειρον.
729 1669 849 1722 Apud
868 1668 998 1708 Schol.
1014 1670 1176 1708 Homer.
1196 1670 1242 1708 ad
1260 1669 1302 1708 Il.
1318 1669 1376 1716 Ξ’,
1397 1685 1467 1724 323
1484 1701 1495 1720 ,
1511 1671 1663 1712 Hercu-

403 1724 459 1764 les
474 1723 696 1776 τριέσπερος,
711 1723 750 1762 &
769 1724 808 1762 in
831 1722 911 1761 Ara
929 1721 1119 1762 Dofiadae
1130 1722 1176 1762 ΙΙ.
1200 1723 1452 1776 Lycophroni
1466 1738 1504 1764 v.
1523 1740 1566 1778 33
1584 1739 1663 1778 τρι-

404 1778 559 1830 έσπερος
574 1778 683 1824 λέων,
699 1777 766 1816 ubi
789 1776 876 1816 vide
891 1777 1020 1816 TzetZ.
1039 1777 1079 1816 δι
1101 1775 1129 1815 Ι.
1150 1776 1290 1816 Meurs.
1304 1777 1469 1831 Gregor.
1483 1778 1662 1819 Nazianz.

401 1831 496 1873 Stel.
516 1830 556 1878 I,
581 1846 615 1884 p.
648 1846 697 1880 42
710 1861 722 1877 ,
741 1833 804 1870 τὶν
826 1830 1007 1870 Βουέὶοίναν
1030 1828 1243 1883 παρήσομεν
1262 1826 1391 1870 afim}
1411 1832 1474 1871 καὶ
1498 1835 1562 1871 τον
1576 1836 1663 1884 Τρι·

404 1886 558 1938 έσπερον
573 1887 638 1924 τον
654 1885 718 1923 καὶ
735 1885 951 1937 ’γεννώμενον
967 1881 1060 1922 οὕτω
1074 1885 1136 1923 καὶ
1147 1883 1335 1937 γεννῶντα
1345 1885 1663 1939 μεγαλοπρεπῶς.

403 1939 578 1992 Scriptor
595 1936 847 1985 Christianus,
868 1937 997 1977 nescio
1017 1938 1102 1990 quis
1115 1970 1124 1986 ‚
1146 1939 1244 1991 apud
1260 1936 1360 1978 Suid.
1378 1939 1414 1978 in
1433 1939 1509 1984 Ἰὼβ
1527 1953 1661 1991 parum

404 1995 618 2033 concinne:
639 1989 690 2032 Οὔ
715 1994 819 2031 κατα
840 1994 902 2031 τον
932 1991 1149 2045 Ἡρακλέους
1174 1990 1281 2042 μῦθον
1299 1993 1361 2031 καὶ
1381 1994 1448 2032 τὴν
1473 1993 1663 2043 ’Asuvi-rav

402 2043 632 2093 Ἄλκηστιν,
655 2044 693 2086 {iv
716 2045 731 2084 ὁ
757 2044 972 2084 καλλίνικος
993 2060 1035 2084 τε
1061 2046 1124 2084 καὶ
1149 2046 1359 2097 τριέσπερος
1382 2041 1474 2098 ὑπὲρ
1497 2046 1564 2087 τοῦ
1594 2048 1662 2088 ὄιν-

404 2100 491 2153 spos
508 2102 794 2140 τελευτήσασαν
812 2099 953 2152 ἤγειρε·
974 2099 1061 2138 hinc
1080 2099 1182 2153 apud
1203 2099 1372 2152 Alciphr.
1390 2114 1426 2152 p.
1447 2102 1521 2153 356
1534 2099 1582 2148 ‚ri
1602 2100 1663 2141 ‘H-

405 2155 581 2207 ρακλέους
595 2155 824 2205 τριέσπερος,
847 2153 913 2193 ubi
936 2153 1121 2192 nonnulla
1143 2153 1354 2206 Berglerus.
1375 2154 1417 2193 ln
1431 2154 1582 2194 historia
1598 2155 1662 2196 Io-

403 2221 478 2249 nae
496 2209 680 2261 originem
704 2206 853 2246 fabulae
875 2207 983 2259 ponit
1005 2207 1179 2258 Cyrinus
1203 2207 1357 2246 Comm.
1374 2208 1414 2246 in
1433 2208 1514 2247 lou.
1542 2222 1661 2261 quam

404 2261 647 2301 subtilitatem
661 2260 799 2300 Ecclefi
805 2274 847 2300 ae
858 2262 954 2313 patri
966 2261 1091 2300 nullus
1103 2261 1274 2300 invideo:
1289 2271 1397 2300 tanto
1407 2262 1546 2310 minus,
1555 2263 1662 2316 quod

403 2317 713 2356 continuatarum
730 2315 899 2355 noflium
918 2327 1100 2354 numerus
1111 2314 1211 2354 haud
1224 2313 1311 2354 sane
1321 2314 1485 2357 constet:
1500 2328 1661 2369 magnos

405 2371 559 2423 quidem
577 2369 752 2409 auctores
765 2400 775 2418 ‚
790 2381 832 2408 ut
847 2369 1034 2412 vidimus,
1051 2368 1165 2407 habet
1181 2368 1403 2408 trinoctium
1416 2383 1428 2417 ;
1443 2369 1583 2423 quibus
1597 2383 1662 2410 ac·

405 2425 540 2462 cedant
555 2423 736 2477 Orpheus
750 2451 761 2469 ‚
777 2433 844 2461 aut
859 2423 888 2461 is
902 2423 1028 2475 potius
1039 2452 1052 2468 ,
1069 2424 1135 2474 qui
1149 2421 1296 2474 Orphei
1312 2422 1420 2462 subiit
1434 2421 1634 2476 personam
1647 2455 1661 2474 ‚

404 2477 554 2532 Argon.
574 2491 612 2518 v.
636 2491 652 2518 1
665 2477 730 2528 18,
750 2475 922 2519 verslbus
937 2475 1216 2530 elegantissimis
1225 2505 1238 2527 ,
1255 2475 1297 2518 δι
1313 2476 1454 2518 Lucan.
1470 2476 1572 2532 apud
1585 2477 1663 2525 La:
