1737 3378
423 210 516 268 284
617 205 1479 253 'ANNOTATIONES

421 309 502 336 mo.
517 294 663 334 COGN.
678 295 791 334 Hanc
805 295 931 334 Momi
945 293 1224 334 accusationem
1245 285 1353 346 saepe
1373 294 1518 345 repetit.
1536 293 1578 332 In
1593 291 1683 346 qui-'

413 349 578 390 ,busdam
594 349 717 388 Codd.
737 348 822 387 vice
839 349 952 387 huius
976 348 1159 387 orationis
1180 347 1319 386 liberae
1344 347 1479 399 legitur
1501 347 1560 386 hic
1579 347 1682 386 Iam·
1705 370 1713 378 κ

423 401 511 441 bus:
535 404 711 451 Μέμφετο
732 400 799 440 τοῦ
821 402 954 453 ταύρου
975 404 1035 439 τὸν
1057 400 1284 452 δημιουργὸν
1305 400 1395 439 θεὸν.
1415 400 1588 438 BOURD.

479 457 553 492 ead.
574 456 597 494 l.
620 456 676 494 16.
694 453 764 494 Τοῦ
778 453 911 506 ταύρου
928 457 989 493 τὸν
1004 454 1042 493 s.
1056 454 1115 507 ἓν.)
1129 455 1363 505 Neptunum.
1378 453 1517 492 BROD.
1539 452 1684 492 Fabula

425 507 615 547 notiffima
631 508 682 547 est
701 521 749 548 ex
769 508 931 547 eiusdem
954 508 1110 546 Luciani
1132 509 1309 546 Hermot.
1322 519 1439 558 quam
1455 506 1685 557 compendio

427 561 618 601 recenset:
646 563 675 601 is
699 563 801 601 enim
825 562 952 601 Momi
972 561 1100 600 dentes
1117 561 1155 600 in
1177 571 1291 600 tauro
1311 559 1514 613 effigiando
1532 571 1613 599 non
1626 559 1686 598 vi·

427 616 535 656 tavit.
555 615 701 654 CoGN.

468 669 578 721 fag.
601 682 657 718 54.
678 670 700 707 l.
724 683 758 706 2.
779 668 967 715 Στεφάνου
983 670 1044 707 τὸν
1065 667 1200 721 τόπον)
1215 667 1435 707 Utebantur
1450 665 1602 718 quidem
1617 677 1685 705 ve-

430 732 529 761 teres
550 723 726 767 comnis,
751 720 814 760 {eu
837 720 968 769 sertis,
990 722 1094 761 collo
1117 721 1384 768 circumdatis;
1409 720 1514 773 quod
1536 720 1686 759 abunde

429 777 612 814 evincunt
627 775 816 814 Plutarch.
833 774 873 813 ἃ
888 774 1028 813 Athen.
1046 775 1130 815 loca
1143 788 1166 813 a
1181 774 1368 814 Palmerio
1381 774 1514 821 citata3
1531 772 1591 812 sed
1606 785 1687 812 non

432 829 478 868 iis
492 828 592 868 solis.
604 829 703 868 Nam
719 828 759 867 δι
774 838 889 880 caput
901 840 1090 868 coronare
1104 828 1259 869 Graecis
1273 829 1384 867 etiam
1402 825 1687 867 usitatiffimum.

431 882 495 921 Ne
515 882 670 933 longius
694 882 840 930 abeam,
853 881 1062 921 Anacreon
1086 881 1176 934 ipse,
1195 895 1309 934 quem
1326 881 1373 920 ab
1388 881 1593 920 Athenaeo
1607 880 1690 919 lau·

436 936 565 974 datum
581 936 618 973 in
637 935 806 974 Palmerii
824 946 914 974 nota
929 935 1044 988 legas,
1059 936 1157 988 apud
1176 934 1293 988 ipsum
1307 934 1550 974 Athenaeum
1563 947 1598 987 p.
1613 933 1692 982 674

434 988 483 1028 C.
505 989 544 1027 &
568 989 607 1026 in
629 988 776 1028 Odario
796 988 891 1028 XXI
910 990 967 1028 ed.
992 988 1091 1028 Tan.
1114 989 1249 1034 Fabri,
1274 1000 1420 1027 morem
1444 989 1545 1027 hunc
1567 986 1691 1027 Grae-

436 1055 526 1082 cum
542 1041 646 1082 fuiffe
660 1042 761 1081 testis
775 1041 827 1081 est
838 1042 1073 1081 luculentus:
1093 1042 1188 1081 Δότε
1201 1042 1238 1081 δ’
1249 1041 1375 1080 ἀνθέων
1390 1041 1529 1080 ἐκείνων
1542 1040 1691 1088 Στεφά-

438 1109 519 1136 νους
545 1095 584 1134 <9²
605 1095 697 1135 οἵους
723 1095 903 1148 (Casaub.
929 1097 969 1135 in
989 1095 1060 1135 suo
1081 1095 1180 1135 Cod.
1201 1095 1291 1148 legit
1311 1094 1431 1142 ὅπως)
1453 1093 1613 1145 πυκάζω
1635 1094 1692 1131 T&

435 1149 602 1199 μέτωπά
621 1164 692 1199 μου
711 1151 876 1189 ’ormam
899 1149 959 1189 Sic
979 1150 1081 1202 apud
1104 1149 1311 1189 Lucianum
1333 1147 1452 1201 ipsum
1475 1147 1555 1187 θυι.
1578 1159 1611 1187 c.
1644 1146 1691 1186 16

437 1202 601 1242 Polemo
624 1201 842 1242 describitur
862 1203 926 1243 τὴν
950 1203 1112 1250 κεφαλὴν
1131 1203 1208 1242 τοῖς
1223 1202 1418 1250 στεφάνοις
1433 1199 1695 1250 sinuoso-uiuos.

438 1257 476 1295 V
482 1256 540 1296 ide
554 1256 732 1296 Praefecti
748 1257 792 1296 ad
807 1258 861 1297 M.
881 1257 1085 1296 Aurelium
1107 1257 1207 1310 apud
1221 1257 1375 1297 Volcat.
1400 1256 1439 1294 in
1453 1254 1553 1295 Caff.
1573 1267 1589 1306 5
1613 1254 1695 1307 epi-

440 1309 573 1349 stolam
587 1325 595 1348 ε
611 1313 715 1362 flores
734 1312 772 1349 de
794 1313 861 1351 CA
867 1311 920 1348 Pl
923 1313 959 1348 T
957 1313 992 1349 E
1005 1340 1017 1355 ,
1036 1311 1145 1356 collo,
1165 1309 1199 1347 δ’
1207 1313 1288 1362 stnu
1299 1309 1396 1349 militi
1415 1309 1551 1348 excutit.
1570 1308 1637 1347 ubi
1653 1307 1693 1346 hi

439 1363 508 1416 ipsi
523 1364 656 1402 milites
676 1365 876 1404 Graecanici
891 1364 1080 1403 dicuntur.
1107 1364 1236 1410 Plura,
1254 1365 1291 1402 in
1313 1376 1354 1402 re
1374 1361 1494 1415 usque
1509 1363 1606 1402 adeo
1626 1361 1697 1401 ob-

439 1418 526 1461 via.
550 1417 757 1457 describere
783 1419 899 1471 piget.
920 1416 1088 1457 Consule
1108 1417 1273 1456 Paschal.
1295 1417 1340 1456 de
1363 1415 1544 1455 Coronis.
1563 1414 1697 1467 Carpit

443 1483 539 1523 ergo
553 1483 632 1510 non
653 1473 828 1518 Graecus,
850 1482 893 1510 ut
909 1471 969 1510 hic
984 1471 1174 1510 Palmerio
1195 1469 1317 1510 visum
1332 1499 1342 1517 ‚
1367 1468 1428 1508 sed
1447 1470 1710 1522 Philosophus,

439 1537 590 1564 morem
615 1524 774 1564 Graecis
800 1538 921 1578 aeque
941 1537 986 1563 ac
1008 1524 1194 1564 Romanis
1219 1523 1462 1563 familiarem:
1485 1524 1594 1562 cuius
1616 1522 1695 1562 ori-

442 1579 571 1630 ginem
593 1577 749 1631 affignat
773 1580 994 1618 Athenaeus
1009 1608 1018 1624 ‚
1041 1579 1144 1631 quod
1167 1589 1264 1630 potu
1282 1578 1402 1616 nimio
1415 1590 1503 1616 cum
1520 1575 1698 1616 incaluis-

440 1632 496 1671 1et
511 1644 626 1686 caput
634 1662 651 1682 ἃ
669 1634 792 1685 primo
808 1632 1035 1672 redimiculis
1046 1663 1058 1681 ‚
1073 1632 1206 1672 deinde
1227 1632 1382 1677 hedera,
1398 1629 1526 1670 aliisve
1544 1629 1701 1682 refrige-

442 1687 617 1725 rantibus
638 1686 776 1726 mederi
791 1687 987 1740 coeperint
994 1700 1006 1735 3
1022 1699 1120 1739 quae
1133 1688 1263 1726 omnia
1275 1686 1424 1724 tandem
1444 1684 1603 1724 floribus
1617 1697 1700 1723 mu-

444 1750 523 1778 tata
548 1739 656 1788 sunt,
680 1741 823 1787 odore,
845 1752 993 1793 praeter
1020 1739 1127 1779 usum
1155 1740 1398 1793 primarium,
1415 1739 1528 1778 etiam
1547 1737 1701 1791 insuper

444 1793 574 1846 gratis.
588 1793 689 1833 Idem
704 1804 830 1834 autem
847 1794 1028 1834 sentiebat
1041 1795 1225 1846 Nigrinus
1235 1806 1326 1832 cum
1340 1792 1536 1844 Diogene,
1550 1792 1618 1844 qui
1632 1807 1700 1831 non

445 1859 551 1899 caput
563 1860 729 1900 unguento
739 1879 748 1895 ‚
761 1849 828 1900 fid
836 1852 934 1900 pedes
948 1849 1128 1895 delibutus,
1144 1848 1265 1887 aiebat
1279 1847 1438 1888 odorem
1456 1846 1540 1886 inde
1554 1844 1700 1885 sursum

446 1901 494 1939 ad
514 1914 622 1942 nares
641 1901 752 1947 ferri,
772 1902 837 1955 qui
854 1915 876 1940 a
899 1902 1021 1955 capite
1038 1902 1076 1940 in
1094 1904 1219 1941 aerem
1235 1899 1370 1940 frustra
1385 1900 1515 1940 abiret.
1529 1899 1703 1952 Diogen.

448 1954 573 1994 Laert.
596 1970 629 2009 p.
655 1969 726 2003 147
740 1956 781 1995 B.
798 1969 914 2008 quam
934 1956 971 1994 in
988 1968 1064 1994 rem
1082 1955 1232 1994 adducit
1245 1955 1290 1993 ad
1309 1967 1397 1993 eum
1415 1954 1544 1994 locum
1563 1953 1702 1992 Mena-

447 2009 531 2061 gius
545 2009 707 2050 Minucii
719 2010 850 2049 Felicis
863 2011 904 2050 δι
916 2009 1085 2062 Septimii
1106 2009 1223 2048 verba
1235 2020 1402 2048 coronas
1415 2021 1439 2047 e
1456 2007 1615 2047 floribus
1633 2018 1701 2046 ca-

445 2063 513 2114 piti
534 2075 680 2115 aptatas
698 2064 908 2104 ridentium.
928 2063 1085 2103 SOLAN.

502 2120 576 2156 ead.
594 2120 617 2156 l.
636 2133 672 2164 4.
691 2117 786 2156 (Ὑπὸ
801 2117 848 2166 τῇ
863 2118 949 2170 ῥινὶ)
971 2116 1164 2156 Octavius
1183 2115 1282 2167 apud
1301 2115 1356 2154 M.
1379 2115 1490 2155 Felic.
1514 2114 1626 2154 huius
1645 2113 1706 2154 lo-

448 2169 484 2208 ci
502 2171 575 2209 erit
592 2172 901 2211 commentarius.
921 2172 1093 2211 BouRD.
1112 2170 1169 2209 Ex
1192 2168 1530 2222 Apophthegmate
1554 2167 1704 2220 Dioge-

449 2224 520 2263 nis.
542 2226 731 2266 MAch..
759 2226 939 2277 Suggillat
960 2225 1081 2263 homo
1102 2223 1277 2263 Graecus
1298 2223 1565 2262 Romanorum
1585 2222 1705 2274 impe-

451 2278 586 2318 ritiam.
609 2280 709 2318 Nam
734 2280 872 2320 Graeci
895 2278 936 2318 &
959 2279 1158 2332 praecipue
1179 2276 1322 2316 Aeoles
1343 2277 1382 2315 δε
1403 2276 1516 2315 Iones
1538 2287 1706 2315 coronas

451 2331 551 2371 circa
570 2333 712 2372 collum
734 2334 770 2372 in
795 2332 924 2386 pectus
943 2332 1147 2385 pendentes
1165 2330 1345 2383 gerebant
1367 2330 1405 2368 in
1428 2329 1632 2369 conviviis.
1660 2327 1703 2367 Id

452 2398 525 2425 nos
546 2387 658 2426 docet
676 2387 896 2426 Plutarchus
920 2385 1097 2438 Sympos.
1119 2399 1153 2437 3,
1174 2397 1205 2423 c.
1231 2398 1262 2422 1.
1281 2383 1322 2422 δι
1342 2383 1434 2422 tales
1449 2394 1614 2422 coronas
1632 2394 1705 2422 vo-

453 2439 589 2478 cabant
603 2436 837 2490 ucrofiuw'sac
853 2439 916 2479 vel
933 2436 1268 2490 ὑποθυμιίιὸαςςυῑ
1287 2437 1419 2476 melius
1437 2435 1585 2477 censere
1604 2434 1708 2474 vide·

453 2503 517 2533 tur
530 2493 752 2535 Athenaeus
765 2494 790 2535 1.
810 2506 875 2548 15,
902 2507 940 2547 p.
968 2491 1043 2547 678
1056 2522 1070 2540 ,
1091 2491 1149 2531 his
1169 2490 1318 2533 verbis:
1342 2488 1598 2543 ὐπόθυμιςιιαιὶ
1615 2485 1710 2534 bore<
