1737 3378
431 250 523 299 πμ
630 224 1489 280 ANNOTATIONES

427 335 461 360 e.
479 322 662 369 virtutes,
687 333 767 360 non
786 319 882 368 fert,
898 319 951 359 ita
963 320 1064 361 vitiis
1083 320 1424 368 efflorescere‚ceu
1445 335 1534 374 ager
1554 323 1687 365 sterilis
1729 317 1737 366 ἶ

428 375 560 412 horret
580 373 712 426 spini53
730 374 771 413 &
789 387 879 414 cum
901 375 1043 414 herbae
1064 375 1184 414 malae
1206 387 1329 427 aeque
1352 374 1442 415 suos
1464 376 1625 417 habeant
1642 379 1685 418 δι
1726 381 1737 406 =3

426 426 606 478 copiosos
627 427 764 476 flores,
789 441 832 467 ac
854 428 1001 474 bonae,
1028 428 1117 467 nihil
1139 428 1366 482 prohibere,
1389 442 1472 481 quo
1493 431 1618 470 minus
1642 433 1684 472 δι

426 479 539 520 ἀνθεῖν
564 482 600 519 in
625 481 764 520 malam
790 494 914 534 aeque
941 494 984 521 ac
1004 481 1143 520 bonam
1168 492 1313 535 partem
1337 483 1435 520 trahi
1459 495 1586 534 queat.
1609 484 1683 524 Sed
1731 510 1737 516 -

424 535 565 573 nemini
584 534 620 572 id
632 534 802 574 obtrudo
814 565 824 582 ‚
842 534 1012 574 indicasse
1034 533 1120 574 satis
1139 535 1297 583 habens,
1314 547 1394 574 non
1413 535 1532 576 deesse
1550 550 1684 577 exem·
1736 559 1737 562 =

423 587 486 639 pla
500 618 512 634 ,
536 588 603 626 ubi
624 588 670 627 de
685 589 800 628 rebus
823 588 933 627 malis
954 589 1119 635 dicatur,
1147 601 1269 642 aeque
1292 589 1336 628 ἕο
1355 589 1452 634 alia,
1475 603 1574 642 quae
1596 590 1683 631 licet

422 640 472 680 de
485 654 526 680 re
547 641 722 681 laudabili
742 641 1034 694 frequentiffime
1052 643 1337 695 praedicentur,
1352 653 1476 682 tamen
1492 644 1684 684 interdum

424 695 528 735 &tle
550 695 788 734 abhorrenda
809 694 982 748 usurpari
998 697 1204 742 novimus,
1228 707 1271 735 ut
1289 695 1387 735 θεῖος
1406 697 1452 735 de
1473 698 1581 736 omni
1600 705 1682 736 ma·

421 760 502 801 gno
516 761 558 788 ac
573 749 764 788 laudando
777 778 786 795 ,
808 749 1056 801 generaliter3
1073 747 1133 788 sed
1149 749 1189 788 δι
1212 749 1258 789 de
1273 749 1417 788 morbis
1437 750 1603 793 humana
1621 764 1682 791 re·

424 803 546 841 media
569 797 846 854 respuentibus.
866 802 924 841 Ita
938 799 1095 854 οὐράνιος
1104 799 1196 841 Ἄτη
1223 803 1268 842 de
1288 815 1426 854 magna
1442 805 1609 856 pernicie
1630 816 1682 844 ex

423 856 609 906 Ael'chyl.
625 854 722 895 Pers.
747 855 858 895 affert
877 855 996 895 modo
1017 855 1188 895 laudatus
1208 855 1389 896 Abresch.
1415 870 1498 909 pag.
1521 858 1608 896 216.
1631 859 1680 899 ad
1717 861 1730 868 ”

421 921 520 961 quae
541 910 626 962 quis
648 910 834 962 excipiat,
855 908 929 949 hoc
952 909 1245 961 exponendum,
1266 909 1435 948 Pernicies
1461 911 1599 950 coelitus
1620 911 1680 950 de·
1736 956 1737 962 ¹

421 963 517 1014 mtffiz
529 991 542 1008 ,
562 963 705 1016 immiffa
717 993 729 1008 ,
748 963 854 1015 quod
875 962 920 1001 de
939 962 1077 1001 morbo
1093 962 1306 1015 Epileptico
1327 963 1403 1002 irae
1415 962 1594 1003 Deorum
1608 965 1678 1004 tri·
1705 975 1715 981 “
1735 969 1737 996 3

420 1016 574 1056 buendo
589 1019 669 1069 pari
692 1017 842 1056 ratione
863 1017 1003 1055 dicium
1025 1015 1081 1055 sit.
1106 1015 1206 1055 Esto.
1226 1016 1379 1056 Interim
1395 1017 1604 1056 verborum
1620 1019 1679 1058 in·
1735 1059 1737 1072 Ι

420 1071 467 1109 de
492 1070 578 1109 usus
599 1069 781 1122 probatur
803 1071 841 1108 in
856 1081 1059 1122 utramque
1081 1069 1211 1109 valere
1230 1080 1398 1121 partem,
1417 1070 1457 1108 ἃ
1473 1069 1598 1109 forsan
1618 1072 1680 1111 ni-

420 1124 471 1162 hil
498 1125 538 1163 in
564 1123 720 1163 Luciani
744 1123 904 1175 vulgato
926 1123 1165 1163 mutandum.
1199 1121 1267 1162 nisi
1293 1122 1354 1162 ille
1386 1122 1598 1176 asperitatis
1630 1136 1679 1165 ac

415 1176 695 1232 propullulandi
707 1176 938 1230 significatus
954 1178 990 1215 in
1004 1175 1225 1229 compositis
1237 1187 1383 1216 tantum
1398 1177 1450 1215 ἐπ
1464 1199 1508 1206 -
1521 1178 1560 1217 δι
1571 1177 1677 1229 ἐξαν-

417 1232 518 1279 θεῖν,
544 1244 623 1270 non
650 1244 747 1271 vero
769 1232 806 1270 in
838 1230 998 1284 simplici
1022 1229 1135 1271 ἐιιθεῖν
1163 1229 1302 1277 ineffe,
1337 1230 1494 1270 lucidius
1517 1231 1678 1284 probari

414 1297 540 1339 queat.
567 1285 712 1324 RElrz.
1133 1328 1136 1331 ¹
1415 1285 1417 1287 '

472 1343 546 1378 ead.
567 1340 591 1377 l.
613 1340 670 1378 16.
689 1336 921 1378 Ἐπιστήσας
935 1337 1115 1390 ἐμαυτον)
1139 1336 1245 1376 Ferri
1259 1335 1401 1391 potest,
1423 1348 1466 1377 ut
1482 1338 1580 1377 inter
1594 1337 1673 1379 duo

416 1393 534 1432 verba
557 1392 701 1432 medius
725 1390 963 1432 accusativus
984 1392 1030 1430 ad
1054 1402 1262 1444 utrumque
1286 1390 1498 1440 referatur,
1525 1392 1565 1431 &
1592 1392 1676 1432 ἐπι-

417 1444 566 1487 στήσας
592 1446 753 1496 ἐμαυτὸν
779 1444 943 1498 positum
969 1444 1013 1483 sit
1041 1458 1113 1497 pro
1138 1445 1324 1493 ἐπιστὰς,
1346 1445 1674 1498 quemadmodum

415 1502 462 1539 in·
475 1500 666 1553 principio
687 1499 871 1538 Platonici
890 1498 1096 1545 Convivii‚
1122 1497 1232 1551 ›cq'vycb
1253 1498 1422 1538 ἐπιστὰς
1443 1501 1673 1551 περιέμεινα·

416 1553 458 1592 ἅ
475 1554 705 1593 ἐπιστάντες
718 1551 843 1602 meon?
862 1552 926 1590 καὶ
948 1555 1037 1604 προς
1053 1550 1245 1591 ἀλλήλους
1262 1551 1549 1601 διαβλέψαντες
1569 1553 1674 1606 apud

415 1606 602 1647 Plutarch.
626 1606 747 1655 T.11,
762 1620 798 1660 p.
818 1604 890 1658 548
907 1606 950 1646 Β.
971 1606 1020 1646 {ic
1034 1605 1100 1646 τήν
1119 1605 1266 1659 πορείαν
1289 1605 1500 1646 ἐπιστήσας
1525 1605 1632 1646 Euna
1661 1633 1674 1646 .

416 1674 454 1713 p.
479 1675 493 1700 1
505 1674 569 1711 17,
587 1675 626 1700 v.
647 1674 704 1699 11.
720 1661 761 1701 δι
776 1658 984 1700 ἐπιστῆσαι
1004 1661 1067 1716 τὶν
1085 1661 1234 1705 στόλον,
1247 1658 1314 1700 τὴν
1328 1658 1466 1712 φυγήν.
1481 1620 1671 1700 Plutarcii.

414 1715 463 1755 Τ.
478 1714 518 1761 Ι,
543 1729 580 1781 p.
599 1728 672 1767 527
685 1713 736 1753 A.
756 1727 829 1767 549
852 1713 904 1753 D.
917 1713 1075 1753 Aristot.
1094 1713 1200 1765 Top.
1212 1714 1266 1761 V,
1281 1727 1317 1766 p.
1333 1727 1423 1766 353,
1439 1727 1478 1751 v.
1495 1726 1534 1763 7,
1557 1713 1672 1753 ἐνιότε

411 1768 481 1819 μὲν
496 1769 559 1808 ἐπι
574 1771 616 1807 τὸ
642 1768 802 1818 σύμπαν
816 1766 985 1817 βλέψας,
1001 1767 1114 1806 ἐνιότε
1141 1766 1164 1806 δ’
1173 1767 1187 1805 ὲ
1206 1767 1269 1806 ἐπὶ
1292 1769 1337 1806 το
1363 1768 1468 1805 κατὰ,
1482 1770 1588 1819 μέρος
1610 1778 1674 1806 λε·
1701 1791 1718 1805 »,

413 1822 567 1876 γὸμενον
583 1817 695 1861 αὐτος
716 1819 829 1861 αὐτὴν
844 1820 1068 1861 ἐπιστήσας·
1088 1833 1323 1873 quamquam
1336 1820 1412 1860 hoc
1431 1820 1536 1859 aliter
1554 1820 1672 1860 etiam

411 1876 569 1929 intelligi
596 1875 720 1928 poffit.
741 1875 873 1928 Atque
894 1875 947 1913 ita
973 1874 1051 1914 fere
1070 1874 1282 1914 Lucianum
1308 1875 1530 1927 interpretes
1552 1887 1672 1927 cepe·
1715 1909 1717 1911 .

412 1940 525 1978 1'unt3
546 1929 733 1981 Micyllus
751 1930 960 1968 intricatius
969 1958 983 1975 ,
1007 1943 1169 1968 revocans
1183 1927 1374 1980 meipsum,
1394 1928 1429 1965 δ’
1449 1929 1548 1980 quafi
1559 1929 1669 1967 verbis

409 1984 633 2036 compellans:
649 1982 893 2030 Benedicius,
914 1983 1038 2036 constiti
1054 1982 1128 2022 &c.
1148 1982 1202 2021 Ar
1215 1993 1311 2034 ego,
1333 1980 1570 2021 distinffione
1583 1993 1670 2021 mu-

412 2048 488 2076 tata
501 2033 732 2082 ἐπιστήσας,
747 2037 907 2087 ἐμαυτον
923 2037 1036 2089 λόγον
1051 2036 1123 2074 ἀπ.
1138 2036 1270 2075 verius
1283 2034 1356 2074 effe
1372 2045 1495 2088 puto,
1510 2047 1552 2074 ut
1566 2034 1668 2076 hunc

410 2092 448 2130 in
470 2091 628 2130 modum
651 2091 966 2143 interpretemur:
995 2090 1144 2129 animum
1157 2090 1352 2134 advertens,
1371 2104 1464 2141 reque
1478 2089 1665 2140 considera-

409 2157 472 2191 ta,
495 2161 569 2184 cum
595 2156 708 2183 memet
731 2145 805 2195 1⁹pr
829 2145 974 2182 rationes
997 2145 1177 2196 exigebam.
1200 2142 1307 2182 Illam
1331 2142 1414 2182 vim
1440 2142 1554 2182 habet
1580 2143 1666 2182 ἑπι-

412 2197 549 2239 στῆσαι
575 2210 643 2250 per
663 2197 722 2237 se:
744 2196 880 2237 Euseb.
897 2197 936 2236 P.
948 2197 990 2236 E.
1005 2197 1046 2243 I,
1060 2198 1125 2236 καί
1143 2211 1199 2236 τοι
1214 2195 1296 2236 πῶς
1315 2191 1378 2235 οὐκ
1394 2194 1497 2247 ἄξιον
1509 2198 1667 2247 &avua-

410 2253 482 2304 ζειν
506 2249 802 2292 ἐπιστήσαντας·
827 2263 941 2290 mox:
971 2250 1065 2290 ὶὸοις
1080 2250 1125 2290 ἂν
1149 2247 1369 2290 ἐπιστήσας.
1395 2249 1502 2288 Dion
1523 2245 1667 2300 Chrys.
1701 2281 1709 2286 ..

408 2321 446 2360 p.
462 2319 540 2356 404
555 2305 600 2345 Β.
615 2304 685 2355 κᾷν
700 2303 973 2344 ἐπιστήσαντες
991 2303 1265 2357 ὃιατραπῶσιν·
1290 2303 1357 2342 ubi
1382 2303 1585 2342 ridiculum
1607 2304 1666 2342 in·
1701 2324 1705 2331 x

405 2359 581 2413 terpretis
603 2369 774 2398 errorem
799 2358 900 2398 reete
925 2357 1074 2410 castiga·
1093 2359 1119 2396 it
1148 2356 1409 2397 casaubonus.
1442 2356 1660 2397 Ammonio

407 2413 582 2462 restitue,
604 2412 670 2452 ubi
689 2413 780 2465 quid
799 2410 973 2451 differant
1000 2408 1124 2451 ἐννοεῖν
1143 2411 1183 2450 &
1205 2410 1406 2450 ἐννοεῖσδαι
1433 2411 1565 2450 docet:
1590 2410 1665 2449 Ἐν-

405 2467 491 2507 νοεῖν
501 2466 567 2516 μὲν
579 2468 661 2519 γᾶς
675 2467 773 2513 ἄφνω
786 2467 836 2515 μὴ
854 2461 1079 2505 ἐπιστήσας·
1096 2465 1134 2503 in
1150 2464 1231 2503 edd.
1250 2477 1343 2517 quas
1358 2463 1458 2510 vidi,
1488 2463 1662 2503 ἐπιστιὶς.

408 2521 593 2575 Apollon·
611 2519 694 2574 περὶ
711 2519 759 2560 K.
772 2519 804 2569 I,
819 2532 850 2561 c.
875 2532 942 2574 50,
956 2517 1060 2572 ἄξιον
1074 2518 1119 2559 δὲ
1139 2519 1341 2561 ἐπιστήσαι
1355 2519 1545 2572 πρᾶγμα,
1557 2518 1663 2570 digna
