1737 3378
351 207 1052 273 JNTIMONEM.
1254 218 1343 272 345

75 296 226 340 indicia.
245 298 380 338 PALM.
401 299 625 351 Ἐσχατιὲι,
653 300 760 352 παρὰ
780 297 849 348 μὲν
877 297 932 347 τῷ
951 295 1114 347 oram-ris,
1138 298 1181 336 'rb
1209 295 1348 335 ἁπλῶς

79 352 250 407 ἔσχατον
265 384 276 402 ,
302 355 411 392 κατα
433 354 548 392 τόπον
565 353 683 405 μέρος.
710 355 821 404 παρα
843 351 888 390 δὲ
911 352 989 390 τοῖς
1010 349 1174 403 ὕστερον,
1196 350 1347 402 ἐρημίαν

24 434 28 441 ι
78 413 165 448 τινα
192 404 210 448 ἦ
237 406 338 458 λέξις
357 406 476 446 δηλοῖ.
499 406 665 445 Eustath.
695 407 740 444 ad
760 406 800 444 ll.
818 406 848 444 1.
872 406 1037 444 VonsT.

133 465 209 500 ead.
229 462 252 499 l.
268 474 305 508 7.
318 459 574 510 Ἐναψάμενος
592 459 784 511 διφθέραν)
802 459 996 511 Aristopli.
1011 458 1114 498 Nub.
1135 472 1174 496 v.
1190 471 1253 507 72.
1274 457 1347 498 Ec-

80 514 163 554 cles.
185 529 226 553 v.
254 514 326 562 80,
348 513 514 566 διφθέραν
541 513 745 563 ἐνημμένος.
771 513 1096 565 περιβεβλημένος,
1118 512 1240 563 inquit
1264 512 1349 550 Sui.

78 569 153 608 das.
176 568 326 619 Myron
348 566 559 606 Prienenfis
581 567 680 625 apud
697 566 837 604 Athen.
857 566 970 611 XIV,
991 580 1026 618 p.
1043 566 1120 616 657
1141 564 1193 603 D.
1208 565 1348 604 consti-

71 621 188 661 ·tuiffe
204 621 528 660 Lacedaemonios
551 622 665 659 retert
686 619 839 658 Hilotas
859 618 960 659 κυνῆν
979 634 1021 658 τε
1039 616 1199 657 ἕκαστον
1225 619 1347 671 φορεῖν

79 676 143 715 καὶ
166 674 334 728 διφθέραν
363 672 673 727 περιβεβλῆσῧαι.
704 673 876 727 Alciphr.
900 672 978 720 ΙΙΙ,
1007 673 1076 725 Ep.
1098 685 1166 722 70,
1193 686 1228 723 p·
1254 673 1348 720 446,

47 777 50 780 Ι
80 728 237 768 στεῖλας
252 728 414 778 ἐμαυτὸν
437 727 618 781 ἁγρικῶς,
639 727 746 766 νάκος
769 727 1004 778 ἐναψάμενος
1020 726 1085 766 καὶ
1107 725 1256 775 σμινύην
1274 736 1350 763 λα-

77 782 161 828 βών·
179 783 286 822 νακος
301 782 341 822 δι
354 781 506 834 διφθέρα
521 781 597 820 hoc
615 782 769 834 quidem
785 780 855 821 usu
872 794 952 821 non
964 779 1154 820 differunt.
1169 777 1345 817 Philostr.

78 838 173 877 Her.
194 851 230 889 p.
253 836 359 885 664,
381 850 420 875 v.
446 849 512 885 27,
531 835 702 887 διφθέραν
729 850 774 874 τε
791 834 1142 888 προσαρμοσαμενος
1171 831 1349 885 (nescio,

77 903 126 930 an
148 892 337 943 praeponi
359 889 493 929 debeat
518 889 700 928 binorum
720 889 910 929 Codicum
936 886 1251 941 ἑναρμοσαμενος)
1281 888 1349 925 καὶ

77 945 234 994 σμινύην
253 944 381 997 φέρων·
401 953 564 996 uterque
586 945 712 996 iungit
735 942 888 992 σμινύην
903 944 948 982 ad
972 955 1071 994 opus
1090 941 1273 981 rusticum
1295 939 1351 979 fa-

75 998 275 1045 ciendum,
300 998 505 1051 quomodo
529 998 719 1037 Luci-anus
747 996 944 1036 δίκελλαν.
978 997 1065 1036 ideo
1086 995 1234 1035 Timon
1265 994 1281 1044 §
1302 1008 1350 1043 7,

78 1049 327 1103 ὑποδίφθερος·
349 1053 517 1091 σκάπτει
532 1051 593 1098 δὲ,
616 1047 724 1101 οἶμαι
741 1051 815 1090 διε.
835 1051 863 1100 §.
885 1051 909 1090 8
925 1081 938 1098 ‚
965 1049 1186 1090 δικελλίτης
1209 1050 1275 1087 καὶ
1289 1048 1351 1088 δι·

77 1105 240 1157 φθερίας·
260 1106 301 1145 &
316 1106 330 1155 §
346 1119 411 1155 42,
431 1104 613 1144 δίκελλαν
633 1105 698 1144 καὶ
727 1106 920 1155 φιλτατην
945 1103 1116 1157 διφθέραν
1135 1104 1209 1143 iam
1230 1103 1349 1142 novis

77 1160 219 1212 opibus
248 1160 385 1199 auctus
407 1158 496 1198 Pani
520 1158 727 1199 consecrat.
757 1159 821 1198 Est
845 1170 973 1198 autem
1000 1158 1175 1211 διφθέρα,
1200 1156 1351 1206 ἱμάτιον

37 1219 44 1227 ’
77 1216 303 1267 γεωργικὶν,
325 1215 482 1266 στερεὸν,
504 1212 593 1264 πρὸς
617 1213 758 1264 ὄμβρων
777 1212 961 1264 μάλιστα
980 1210 1189 1264 ἀποφυγὴν
1213 1211 1351 1259 ἱκανὸν,

22 1293 32 1302 -
76 1278 121 1308 ut
147 1267 248 1307 reete
275 1267 461 1307 Scholion
492 1267 584 1306 illud
610 1267 791 1307 insertum
820 1267 942 1306 Dioni
967 1265 1039 1306 Or.
1060 1266 1136 1311 IV,
1162 1279 1200 1318 p.
1226 1277 1278 1311 70
1302 1264 1349 1304 C.

77 1322 206 1374 quod,
229 1320 314 1375 post
337 1319 611 1361 casaubonum
627 1331 775 1367 tamen,
798 1320 1070 1360 animadvertit
1085 1319 1202 1360 etiam
1216 1318 1347 1358 Kuhn.

76 1376 123 1416 ad
142 1375 235 1415 Poll.
254 1375 329 1423 IV,
352 1389 365 1414 1
378 1388 440 1427 19,
461 1387 494 1413 n.
515 1388 576 1427 3¹·
593 1375 716 1415 Porro
734 1376 780 1415 de
794 1374 1027 1414 rusticorum
1045 1372 1232 1426 διφθέραις
1245 1373 1348 1425 apud

70 1428 284 1476 Atticosls.
295 1428 514 1469 Casaubon.
526 1429 572 1468 ad
583 1429 784 1483 Theophr.
795 1428 911 1469 Char.
925 1443 956 1468 c.
969 1429 1044 1475 lv,
1056 1442 1092 1481 p.
1106 1442 1169 1477 41.
1182 1427 1348 1466 HEMsT.

131 1488 203 1523 ead.
223 1484 247 1523 l.
267 1498 302 1536 9.
328 1483 658 1536 Προσφιλοσοφιῖν)
680 1483 844 1523 Seberus
859 1484 903 1522 ad
925 1483 1017 1522 Poll.
1032 1483 1083 1529 X,
1103 1496 1187 1534 129,
1203 1493 1240 1519 n.
1261 1495 1350 1529 100,

75 1537 258 1578 observat
275 1553 340 1591 pro
357 1538 502 1576 Luciam·
514 1539 630 1590 phrasi
646 1540 756 1589 magis
774 1539 908 1590 proprie
924 1537 1148 1589 Pbocylidem
1169 1535 1291 1587 dixiffi
1308 1550 1348 1573 v.

80 1605 155 1646 149
173 1591 364 1631 σκάπτειν
387 1590 557 1641 δικέλλῃ·
578 1591 741 1631 multum
759 1591 862 1631 abest
883 1605 905 1631 a
928 1589 1046 1630 nostri
1068 1588 1259 1642 scriptoris
1273 1588 1349 1629 ele-

31 1657 34 1660 ’
76 1647 215 1699 gantia.
237 1646 321 1698 Ego
339 1645 436 1694 iam,
450 1646 573 1698 inquit
587 1646 732 1685 Timon
745 1677 755 1694 ‚
777 1645 918 1699 procul
938 1645 986 1684 ab
999 1645 1107 1684 omni
1127 1643 1349 1689 hominum,

76 1714 178 1753 quos
199 1700 352 1754 peffime
374 1700 461 1746 odi,
479 1699 703 1747 consortio,
729 1714 817 1740 cum
844 1699 1048 1740 solitudine
1069 1710 1185 1750 atque
1210 1697 1282 1736 isto
1306 1697 1350 1735 li-

77 1767 180 1807 gone
202 1753 477 1806 philosophor‚
503 1753 544 1792 &
565 1755 734 1793 rationes
760 1767 863 1794 meas
891 1753 1059 1799 deduco,
1077 1752 1165 1804 Qui
1190 1752 1350 1790 remotis

77 1809 251 1854 arbitris,
279 1808 440 1861 quando
459 1818 591 1861 aperte
611 1808 795 1861 proloqui
815 1820 895 1847 non
921 1807 1090 1852 audent,
1114 1805 1348 1846 calamitates

77 1863 142 1903 vel
172 1862 256 1902 suas
285 1862 349 1902 vel
378 1862 543 1902 aliorum
575 1861 798 1914 deplorant,
825 1875 894 1902 eos
919 1864 1060 1914 poetae
1085 1860 1215 1899 dicunt
1243 1859 1349 1912 quast

76 1916 290 1970 proverbio
315 1915 448 1970 αὔραις
477 1916 542 1955 καὶ
567 1915 714 1965 ἀνέμοις
739 1915 1018 1969 διαλέγεσθαι·
1039 1913 1100 1967 ‘yffi‘
1125 1913 1189 1952 καὶ
1211 1911 1347 1965 οὗρανῷ

76 1970 229 2020 λαλεῖν,
251 1981 295 2010 ut
315 1971 376 2010 illa
397 1972 529 2009 nutrix
545 1971 583 2009 in
602 1970 769 2024 Euripid.
796 1970 900 2010 Med.
921 1984 961 2009 v.
985 1981 1045 2019 57.
1069 1980 1185 2020 quem
1215 1966 1347 2006 locum

77 2023 199 2064 facete
223 2024 301 2064 alio
324 2024 478 2065 deflexit
502 2024 705 2064 Philemon
729 2025 769 2063 in
799 2023 927 2063 fabula
953 2023 1090 2062 Milite.
1114 2020 1280 2066 Noster,
1308 2031 1351 2060 ut

77 2079 257 2119 Timonis
289 2077 345 2117 sui
371 2078 575 2131 personam
603 2088 805 2127 tueretur,
841 2077 1011 2132 ligonem
1040 2077 1082 2117 ὅ(
1109 2074 1350 2116 solitudinem

16 2158 20 2165 -
77 2132 277 2173 substituit.
300 2133 463 2173 HEMST.

132 2190 205 2226 edd.
222 2188 246 2226 l.
275 2200 287 2224 1
299 2185 499 2237 ΔιῖὝνπινιιν)
514 2185 615 2225 Vide
633 2184 789 2225 Celsum
810 2185 912 2238 apud
927 2184 1142 2237 Origenem
1160 2182 1236 2227 VI,
1257 2195 1349 2235 329:

77 2240 95 2279 ὃ
118 2243 202 2281 θεὸς
219 2239 352 2291 ’ὥσπερ
372 2239 387 2277 ὃ
413 2242 522 2293 παρὰ
540 2239 595 2289 τῷ
612 2239 782 2291 κωμῳδῷ
799 2239 887 2279 Ζεὺς
909 2238 951 2278 ἐκ
974 2237 1041 2277 τοῦ
1062 2234 1206 2288 μακροῦ
1228 2231 1348 2275 ὕπνου

79 2294 284 2334 διυπνίσας
306 2294 382 2333 δίε.
406 2294 564 2333 SOLAN.

77 2372 80 2375 <
132 2352 208 2388 ead.
222 2350 246 2389 l.
266 2362 324 2401 ¹3·
349 2347 541 2399 Νίιδυμον)
566 2347 623 2386 Ex
645 2346 809 2386 Homeri
830 2345 874 2385 Il.
892 2346 924 2386 B
939 2376 950 2394 ‚
969 2360 1011 2385 2:
1036 2344 1112 2384 Δία
1130 2343 1168 2383 δ’
1190 2338 1253 2382 οὔκ
1276 2342 1348 2396 ἔχε

77 2399 241 2452 νήδυμος
263 2399 387 2442 ὕπνος.
407 2403 548 2441 Bnon.
578 2401 707 2440 Totus
730 2400 963 2440 Homericus
990 2399 1051 2438 hic
1079 2398 1275 2451 dialogus:
1308 2400 1347 2438 in

79 2469 130 2497 eo
155 2468 283 2496 tamen
301 2455 564 2510 Aristophanis
578 2455 742 2495 multum
763 2454 867 2494 inest.
889 2455 1063 2494 BOURD.

131 2510 213 2552 ibid.
240 2509 354 2564 Ὕπὲς
379 2513 440 2552 τὶν
461 2509 718 2563 Ἐπιμενίδην)
739 2507 881 2550 Erasm.
909 2508 947 2548 in
970 2506 1154 2549 proverb.
1174 2506 1350 2561 Epimcnif
