1737 3378
420 266 567 306 LVIII
708 252 811 301 DE
852 253 1193 312 AETATE,
1236 254 1416 301 VITA

425 366 557 417 esset,
583 363 668 423 qui
690 374 868 422 patrem
898 361 1035 408 suum
1052 364 1216 408 vivum
1247 363 1357 408 ibid.
1380 373 1671 408 commemob'
1736 388 1737 391 =

422 441 506 474 ret.
526 427 663 472 Unde
682 443 767 489 ego
784 443 923 486 porro
944 428 1137 489 colligo,
1157 444 1266 473 cum
1286 428 1514 472 Lucianus
1527 427 1667 471 Alex·
1736 472 1737 477 ,

423 491 571 536 andro
602 490 930 551 supervixerit,
972 507 1127 550 eoque
1167 492 1363 537 demum
1389 501 1579 535 mortuo
1614 490 1671 533 li-

423 555 566 601 brum
607 555 744 600 suum
782 567 941 600 contra
981 555 1133 614 ipsum
1173 557 1367 600 ediderit
1387 590 1399 610 ‚
1440 565 1495 599 ut
1533 552 1672 599 refert
1736 556 1737 611 ζ

424 636 523 680 cap.
557 634 649 678 59,
680 635 788 663 eum
828 619 1076 664 miserrime
1105 619 1311 679 periissb,
1354 618 1575 664 nondum
1613 630 1672 669 70
1736 621 1737 627 ’

422 699 570 729 annos
589 695 753 728 natum
769 717 780 737 ‚
799 699 948 742 aeque
966 700 1015 728 ac
1034 683 1294 739 Rutiliano‚
1315 684 1399 742 qui
1416 683 1473 727 ad
1492 681 1672 742 septua-

422 748 551 810 ginta
574 763 718 792 annos
734 747 878 791 vitam
896 747 1119 807 produxit
1134 781 1146 803 ,
1168 748 1452 808 superstitem
1476 746 1518 791 se
1537 744 1674 790 vixis-

423 813 470 856 se
499 812 684 856 testatur
709 810 814 855 eod.
834 812 958 855 Alex.
986 826 1022 855 c.
1046 827 1100 870 34
1131 811 1158 855 f.
1184 828 1329 871 quem
1356 827 1466 856 cum
1493 810 1674 872 sexage-

422 877 607 921 narium
626 874 800 919 duxisse
816 874 1065 919 Alexandri
1082 875 1224 920 filiam
1240 876 1378 920 refert
1391 909 1404 931 ‚
1427 873 1561 934 quod
1578 873 1670 918 Lu·-

423 941 558 985 ciano
587 938 777 983 vidente
805 939 1027 1001 contigit,
1061 938 1191 984 facile
1217 951 1372 999 patet,
1405 938 1673 983 Lucianum

422 1020 526 1050 non
565 1003 714 1047 sOlum
754 1003 956 1062 reliquos
988 1003 1034 1047 X
1066 1019 1210 1048 annos
1242 1002 1490 1058 Rutiliani,
1524 1001 1602 1046 sed
1630 999 1672 1045 8c

420 1070 576 1129 plures
595 1066 764 1111 vixiffe.
794 1067 930 1111 Plura
956 1068 1041 1111 alia
1062 1068 1242 1112 Solamcs
1265 1067 1324 1112 ad
1354 1083 1390 1112 c.
1420 1083 1476 1125 35
1491 1100 1504 1122 ,
1524 1081 1672 1125 quem

418 1132 464 1177 Sc
485 1132 644 1177 confer
672 1131 731 1175 ad
759 1131 963 1175 eiusdem
989 1147 1085 1191 cap.
1111 1148 1136 1188 4
1153 1166 1165 1188 ,
1199 1149 1223 1189 5
1248 1130 1288 1176 8c
1314 1147 1400 1191 30,
1431 1131 1471 1175 Sc
1501 1130 1560 1175 ad
1577 1129 1674 1174 De-

422 1199 625 1242 monczd‘lis
655 1211 751 1255 cap.
789 1210 804 1238 1
825 1229 837 1251 ‚
864 1196 948 1239 ubi
978 1193 1318 1241 Demonafflem
1342 1195 1551 1240 Luciano
1570 1210 1674 1254 par-

421 1262 509 1307 tim
532 1261 773 1319 aequalem
796 1294 808 1314 ⁷
838 1260 1009 1319 partim
1045 1261 1350 1316 anteriorem,
1386 1258 1517 1304 fuiffe
1555 1274 1674 1318 qua-

424 1325 747 1385 dragenarium
777 1324 965 1368 coniicit
983 1359 995 1379 ‚
1026 1340 1150 1369 anno
1179 1325 1339 1370 Christi
1371 1322 1566 1378 CXXV,
1597 1322 1675 1368 vel

424 1390 620 1435 CXXX.
654 1388 794 1433 Adde
812 1388 929 1444 iam,
950 1405 1071 1447 quae
1088 1390 1227 1449 Imag.
1248 1406 1344 1450 cap.
1372 1406 1395 1449 3
1419 1389 1674 1442 habemus,

423 1455 485 1500 de
511 1454 715 1498 panthea
740 1453 898 1497 Avidii
926 1453 1052 1497 Caffii
1080 1469 1251 1509 uxore,
1286 1466 1339 1498 ut
1366 1454 1421 1498 cl.
1448 1453 1514 1497 La
1543 1450 1672 1496 Croze

421 1519 595 1574 asserit,
625 1517 665 1562 Sc
694 1517 828 1576 quod
851 1518 1014 1578 Iooefius
1043 1518 1223 1573 attulit,
1251 1518 1310 1562 de
1329 1517 1456 1563 bello
1491 1516 1674 1562 Parthi-

422 1600 480 1630 co
497 1617 510 1639 ,
547 1582 677 1627 cuius
710 1581 928 1625 meminit
947 1581 1205 1638 Lucianus‚
1248 1582 1383 1642 quod
1402 1582 1563 1644 Iorfius
1591 1596 1676 1625 an-

420 1665 486 1694 no
518 1646 679 1692 Christi
713 1646 796 1702 165
834 1645 1068 1707 contigisse
1103 1647 1286 1701 retulit,
1315 1658 1370 1692 ut
1401 1645 1535 1706 supra
1554 1645 1678 1690 vidi-

420 1729 536 1759 mus.
572 1711 793 1769 Cumque
823 1710 872 1753 in
894 1709 1041 1784 Quom.
1066 1710 1175 1772 Hgst.
1199 1711 1296 1756 init.
1316 1711 1546 1756 Lucianus
1568 1725 1675 1770 per-

419 1778 611 1838 stringat
634 1775 729 1819 eius
747 1774 859 1818 belli
881 1775 1118 1834 leriptores
1134 1809 1147 1830 ‚
1177 1785 1328 1835 patet,
1353 1775 1561 1820 eundem
1580 1774 1676 1819 No-

421 1843 564 1887 flrum
585 1838 875 1898 aliquamdiu
906 1839 1005 1898 post
1028 1839 1078 1883 id
1106 1839 1286 1884 bellum
1316 1839 1499 1895 vixiffe,
1528 1839 1675 1884 adeo-

421 1923 550 1967 que,
587 1904 722 1964 quod
761 1902 800 1947 Sc
831 1903 964 1962 supra
997 1903 1228 1959 indicavi,
1268 1904 1508 1964 aliquanto
1535 1903 1674 1948 serius

421 1969 606 2025 vixisse,
637 1985 780 2028 quam
814 1968 1033 2012 nonnulli
1062 1980 1302 2028 putarunt.
1337 1969 1410 2012 Ad
1442 1968 1708 2013 summanr.

421 2047 581 2082 autem
612 2034 655 2078 se
676 2029 904 2077 senefiam
933 2031 1216 2091 perveniffe,
1244 2033 1344 2077 satis
1371 2032 1463 2092 ipse
1485 2033 1673 2078 testatur

419 2117 496 2165 pro
521 2098 699 2144 Mer-ced.
730 2113 767 2141 c.
798 2112 815 2141 1
835 2129 848 2152 ‚
874 2097 956 2155 qui
986 2113 1134 2157 prope
1157 2097 1364 2142 Aeacum
1384 2095 1490 2142 effet
1507 2131 1520 2153 ‚
1552 2095 1592 2141 8c
1612 2097 1676 2141 al-

423 2179 577 2211 terum
602 2162 772 2223 pedem
796 2162 843 2205 in
863 2162 1033 2220 cymba
1053 2162 1298 2206 charontis
1322 2163 1523 2206 haberet.
1553 2161 1615 2206 ib.
1636 2177 1673 2206 c.

424 2247 450 2288 5
469 2249 476 2273 ;
502 2230 540 2271 ἐν
562 2235 669 2285 γήρᾳ
685 2227 864 2279 ὑστάτῳ,
884 2229 950 2268 καὶ
965 2228 1107 2280 σχεδὸν
1130 2229 1194 2279 ἤδη
1215 2227 1298 2281 ὑπὲρ
1316 2228 1379 2270 τὸν
1402 2227 1518 2270 οὐδόν.
1541 2225 1676 2294 Quin

423 2295 483 2339 ad
508 2293 831 2338 Commodum
855 2290 898 2334 se
921 2289 1176 2351 pervenisse
1192 2324 1204 2344 ‚
1232 2305 1291 2334 ex
1310 2289 1503 2334 nomine
1534 2290 1674 2334 unius

425 2357 721 2418 Imperatoris
759 2357 882 2401 bene
917 2355 1091 2399 iudicat
1128 2355 1309 2399 Salanus
1348 2353 1406 2397 ad
1436 2370 1512 2416 pro
1546 2371 1673 2398 merc.

425 2441 462 2469 c.
505 2438 554 2467 1⁴2
573 2456 584 2478 ‚
614 2437 764 2480 aeque
792 2437 842 2465 ac
868 2418 1203 2481 Henfierlzzgfius
1233 2419 1280 2462 in
1300 2416 1437 2477 praef.
1460 2418 1571 2462 Poll.
1598 2417 1675 2462 su-

421 2504 504 2549 pra
522 2487 723 2531 indicata
736 2519 748 2540 ‚
771 2486 904 2544 quod
922 2484 1133 2528 Marcum
1155 2485 1241 2526 Βεόν
1258 2493 1394 2527 vocet
1413 2481 1670 2538 Lucianus,

423 2552 638 2612 adeoque
663 2551 722 2596 de
747 2545 970 2596 defunesto
988 2549 1223 2608 loquatur.
1243 2546 1377 2593 Conf.
1399 2562 1519 2608 quae
1540 2545 1583 2592 Τ
1580 2546 1673 2593 ille-
