1737 3378
298 221 399 267 IN
465 220 1042 269 NIGRINUM.
1213 226 1305 289 289

31 309 186 351 tharum
211 309 313 350 hunc
331 322 480 350 morem
502 309 647 362 saepius
667 310 766 363 apud
787 309 978 349 Ovidium
1005 313 1042 350 in
1066 311 1199 353 exfilio
1223 326 1306 354 me·

34 365 180 404 morari
206 364 359 412 videas,
384 364 451 416 qui
471 363 538 402 slbi
558 364 710 402 Romae
730 364 775 403 de
798 376 848 402 eo
869 377 951 403 non
970 364 1055 404 satis
1079 368 1183 406 credi
1205 380 1306 408 con-

27 418 219 470 queritur.
238 418 395 458 SOLAN.

87 472 168 510 ibid.
185 471 320 524 ’offffi
337 472 495 521 Quodam
501 469 655 523 stirpium
668 468 785 520 succo.
799 469 939 508 BROD.
962 470 1062 521 Quo
1073 472 1200 522 fizcco,
1224 486 1305 514 cer.

35 534 79 564 to
98 525 223 564 dicere
241 538 321 563 non
339 523 515 576 poffum3
536 535 663 574 neque
688 523 787 561 unde
808 523 882 562 hoc
904 523 1053 570 habeat,
1077 527 1167 565 mihi
1193 540 1305 567 com-

34 588 186 631 pertum
208 577 272 618 est.
291 577 400 616 Malo
419 587 548 615 tamen
567 577 680 629 opium
701 587 877 621 vertere,
897 589 1037 629 quam,
1062 589 1105 616 ut
1125 591 1212 620 ante
1241 595 1304 622 me

34 630 153 671 fiebat
166 662 178 680 ,
198 633 344 682 refinam.
362 631 519 669 δοῖ-ΑΝ.

90 686 163 723 ead.
182 686 205 723 ί.
222 684 256 722 8.
279 682 478 737 Κουρήτων)
492 683 631 732 Mitto,
651 695 751 735 quae
764 682 810 721 de
825 682 1035 723 Curetibus
1051 695 1189 724 contra
1203 685 1304 726 Dio.

35 737 174 777 dorum
195 737 359 790 disputat
383 737 609 777 Palmerius:
635 737 681 776 de
702 737 777 776 hoc
800 748 905 776 certe
925 737 1015 776 loco
1041 737 1140 777 bene
1161 742 1302 780 meruit

32 791 211 831 restitutis
224 791 487 839 Cretenfibus‚
502 790 661 843 quisine
677 790 798 829 dubio
814 790 950 832 melius
966 792 1011 830 ad
1025 791 1189 842 Scythas
1205 807 1302 846 qua-

31 845 163 890 drant,
187 857 305 898 quam
326 845 499 884 Curetes.
520 843 578 883 Illi
596 844 812 897 sagittarum
834 856 913 884 arte
940 857 1018 884 non
1040 856 1214 896 tantum,
1238 846 1301 887 sed

31 897 109 951 ipsa
134 899 360 938 inventione
381 898 539 938 nobiles.
562 911 584 936 a
600 908 737 937 natura
758 899 942 950 regionis,
965 911 1080 951 quam
1102 900 1300 950 incolunt,

33 952 223 992 rationem
238 953 331 1006 petit
346 952 452 992 Plato
473 953 518 991 de
539 952 613 991 LL.
637 952 677 999 Ι,
698 965 733 1004 p.
758 955 836 1004 769
858 953 897 991 E.
921 966 1037 1004 quem
1057 953 1226 994 Iulianus
1247 954 1303 995 se.

34 1006 166 1058 quitur
184 1006 255 1045 Or.
271 1005 431 1059 VII‚,p.
455 1019 528 1058 205
548 1005 600 1044 D.
615 1005 705 1044 vid.
721 1005 782 1045 Sil*
800 1004 880 1048 Ital.
903 1005 958 1052 ll,
979 1007 1041 1059 96.
1061 1007 1134 1046 alia
1153 1009 1256 1047 dabit
1270 1010 1302 1050 Ι.

34 1058 174 1098 Meurs.
192 1060 233 1098 in
245 1059 350 1099 Cret.
369 1073 404 1113 p.
430 1059 515 1109 178.
539 1058 703 1099 Obstare
723 1071 853 1099 tamen
873 1060 1044 1107 videtur,
1064 1062 1171 1113 quod
1185 1076 1303 1102 vene.

18 1123 121 1155 .nata
144 1112 556 1165 Cretensium'spicula
581 1112 662 1152 fere
686 1113 870 1166 nusquam
900 1126 1181 1153 memorentur:
1207 1118 1301 1169 quin

32 1166 154 1206 immo
179 1167 240 1207 vel
265 1167 370 1206 Iovis
392 1167 444 1205 ibi
471 1167 572 1214 nati,
592 1167 676 1214 vel,
698 1177 741 1206 ut
764 1167 823 1206 alii
843 1168 1020 1213 tradunt,
1041 1168 1221 1209 Herculis
1234 1171 1302 1210 be-

33 1220 176 1261 neficio
198 1220 351 1260 letiferis
371 1220 411 1260 ὃ(
439 1220 568 1259 herbis
591 1220 633 1258 &
655 1219 780 1259 bestiis
804 1220 923 1260 Creta
945 1220 1077 1260 caruit.
1110 1222 1302 1276 Excerpta

35 1274 254 1314 Theodoti:
275 1273 446 1324 καθάπερ
471 1274 630 1327 λέγουσι
655 1273 721 1313 τὴν
744 1272 879 1326 Κρῆτην
901 1276 1038 1326 ἄγονον
1061 1271 1155 1315 εἶναι
1175 1278 1302 1329 δημίων

33 1327 200 1380 ὀλεθρίων·
219 1327 327 1380 plura
349 1325 542 1367 Meurfius
561 1328 599 1365 in
619 1326 726 1366 Cret.
750 1327 787 1366 II
802 1358 814 1375 ‚
836 1341 867 1367 c.
888 1326 923 1366 8.
945 1329 995 1367 ita
1017 1327 1104 1369 sane
1127 1342 1301 1380 veteres;

33 1393 121 1420 nam
139 1394 239 1434 quae
258 1392 394 1421 contra
408 1381 605 1421 Brodaeus
628 1379 739 1420 affert
762 1380 867 1421 Misc.
889 1380 964 1428 ΙΙΙ,
986 1395 1017 1422 c.
1052 1397 1066 1421 1
1080 1397 1093 1421 1
1111 1413 1124 1429 ,
1146 1385 1238 1423 nihil
1260 1386 1300 1424 in

37 1435 107 1475 hac
122 1435 274 1488 quidem
286 1435 396 1475 causa
412 1447 563 1474 moror:
585 1448 655 1474 nec
669 1435 911 1488 probandum
922 1467 931 1483 ,
945 1436 1052 1491 quod
1064 1437 1208 1490 scripsit
1221 1438 1302 1478 Pal-

34 1489 175 1529 merius
191 1490 229 1528 in
249 1490 499 1529 annotatione
518 1500 705 1534 extrema,
723 1504 862 1541 quotum
874 1490 981 1541 ferax
1000 1492 1042 1543 est
1066 1493 1177 1539 Creta,
1197 1495 1230 1530 e>
1246 1494 1303 1531 in-

32 1543 112 1596 diga
131 1543 297 1596 Scythia,
315 1544 405 1595 regio
413 1542 569 1596 frigida,
584 1542 611 1581 si
633 1543 752 1582 modo
772 1544 865 1582 haec
888 1556 981 1582 vera
1005 1544 1049 1582 iit
1064 1545 1300 1585 eruditiffimi

33 1598 108 1636 viri
126 1610 272 1637 manus.
295 1597 480 1636 Attamen
501 1596 712 1649 Virgilius,
727 1609 846 1649 paene
860 1597 936 1636 dixi
951 1597 1075 1644 solus,
1089 1599 1188 1637 Aen.
1203 1600 1276 1640 XII
1288 1631 1300 1649 ‚

34 1649 135 1703 856:
156 1652 242 1691 Non
256 1651 357 1703 ficus
376 1667 418 1690 ac
440 1666 541 1690 nervo
556 1666 619 1704 per
633 1653 753 1689 nubem
773 1652 917 1704 impulsa
935 1650 1092 1702 fizgitta‚
1115 1654 1301 1693 Armatam

0 1725 1 1733 ν
28 1705 129 1758 saevi
147 1706 301 1744 Parthus
318 1721 418 1758 quam
428 1704 511 1757 felle
529 1706 669 1751 veneni,
693 1706 868 1751 Parthus,
878 1706 954 1755 five
977 1707 1096 1757 Cydon
1117 1708 1218 1745 telum
1239 1708 1302 1746 im-

35 1759 224 1799 medicabile
240 1761 342 1811 torfit.
360 1759 490 1799 Schol.
511 1759 626 1798 etiam
647 1759 829 1797 Nicandri
847 1760 894 1796 ad
920 1758 1101 1812 Alexiph.
1128 1774 1168 1798 v.
1199 1775 1270 1814 395
1286 1790 1301 1808 ,

34 1810 109 1852 fide
130 1812 371 1866 Praxagorae
390 1812 591 1852 Pharicum
614 1812 688 1852 effe
710 1812 939 1864 appellatum
957 1815 1073 1852 tradit
1093 1813 1172 1853 ἀπὸ
1191 1820 1302 1867 ‹vapi-

34 1864 100 1905 κοῦ
119 1880 216 1907 τινος
230 1871 364 1920 Κρητὶνς
385 1866 452 1905 τοῦ
467 1866 670 1919 ἐξευρόντος
690 1863 798 1905 αὐτὸ·
820 1868 927 1918 quod
942 1866 970 1904 st
993 1879 1040 1905 ex
1071 1879 1257 1914 ominus,
1277 1884 1300 1907 a

37 1920 187 1972 Cretense
204 1923 346 1974 quodam
359 1950 372 1967 ‚
391 1920 448 1973 qui
467 1932 559 1959 ortus
577 1919 687 1971 ficerit
703 1922 825 1973 oppido
845 1921 996 1967 Pharis,
1014 1933 1035 1959 e
1069 1923 1171 1973 ugiet
1193 1922 1300 1962 hicce

35 1973 332 2014 Commentator
351 1974 685 2027 reprehensionem
708 1972 874 2012 Salmasii
895 1974 941 2012 ad
960 1972 1077 2013 Sosin.
1099 1989 1135 2025 p.
1162 1989 1235 2023 170
1255 1976 1299 2016 E.

34 2025 99 2067 sed
115 2027 211 2077 hoc,
235 2039 277 2068 ut
298 2042 346 2068 ex
363 2027 444 2081 ipso
465 2027 675 2068 Scholiasta
696 2038 820 2080 patet,
846 2040 926 2066 non
940 2028 1067 2067 minus
1086 2029 1300 2076 incertum,

34 2094 151 2134 quain
171 2082 286 2134 quale
306 2081 442 2130 fuerit,
465 2083 507 2122 &
527 2082 730 2134 quomodo
752 2080 971 2120 confeehim
993 2081 1219 2129 Pharicum,
1242 2082 1302 2122 fa-

10 2152 11 2156 *
35 2135 209 2175 tentibus
231 2136 260 2175 I.
283 2135 464 2176 Gorraeo
483 2136 531 2174 ad
552 2136 730 2174 Nicandr.
756 2135 918 2174 Rhodio
944 2136 989 2174 ad
1012 2135 1185 2175 Scribon.
1211 2137 1303 2181 Lar-

37 2201 129 2242 gum
157 2203 194 2242 p.
218 2189 307 2228 282.
331 2189 394 2228 De
418 2188 572 2240 Scythis
594 2201 653 2227 res
677 2199 769 2227 nota
788 2211 833 2218 -
851 2200 977 2226 unxere
989 2187 1141 2240 flagitas
1164 2193 1301 2229 Erran-

39 2254 87 2282 tes
104 2243 267 2297 Scythiae
275 2244 398 2296 populi
413 2265 458 2272 -
474 2243 618 2282 Lucan.
637 2242 718 2289 111,
741 2243 818 2281 266
831 2272 843 2287 ‚
864 2242 905 2281 &
924 2241 1040 2289 VIII,
1064 2256 1150 2294 304.
1167 2257 1303 2295 quem.

38 2296 243 2336 admodum
265 2308 396 2337 autem
418 2296 592 2335 admixto
610 2295 800 2348 'sanguinis
817 2295 974 2334 humani
997 2295 1148 2348 liquore
1161 2296 1301 2336 saniem

37 2350 252 2403 viperinam
264 2361 554 2405 praepararent,
573 2351 782 2402 exponitur
800 2349 850 2387 ab
866 2348 1022 2388 Aristot.
1041 2350 1125 2400 «περὶ
1139 2356 1184 2390 Θ.
1197 2350 1247 2390 Ἀ.
1264 2365 1303 2404 p.

42 2403 135 2452 118,
158 2404 254 2443 Plin.
277 2405 328 2444 H.
348 2405 397 2444 N.
418 2404 496 2451 XI,
524 2418 586 2457 53,
605 2403 647 2442 δι
668 2404 819 2442 Aelian.
839 2404 885 2442 de
909 2403 1038 2441 Anim.
1059 2403 1138 2450 IX,
1168 2405 1303 2454 15‚lo-

39 2469 90 2496 co
109 2457 404 2511 corruptiffimo.
418 2458 502 2498 Nec
516 2470 672 2497 veneno
688 2457 812 2496 solum
836 2456 894 2496 usi
918 2456 1132 2510 serpentum
1146 2486 1156 2505 ‚
1180 2457 1241 2497 sed
1261 2458 1303 2497 Sc

38 2508 156 2553 succis
178 2511 355 2552 letiferis:
380 2513 415 2551 ἐν
440 2511 608 2564 Αἰθιοπίᾳ
628 2514 711 2564 ’γᾶς
734 2508 751 2563 ᾗ
776 2509 862 2553 τοὺς
881 2510 1030 2552 ὀϊστοὺς
1051 2510 1202 2563 χρίουσι
1216 2511 1303 2564 ῥίζῳ

115 2566 262 2607 Lucian.
293 2567 373 2607 Vol.
400 2566 432 2606 Ι.
1022 2563 1060 2605 Τ
