1737 3378
291 230 380 278 IN
431 229 1045 279 PROMETHEUM.
1221 230 1314 294 461

0 309 11 354 ξ’
89 317 125 358 En
139 317 254 359 Schol.
276 317 424 371 Τόπον)
446 317 586 370 Τροπὴν
605 317 823 357 emendavit
847 317 1034 357 Solanus:
1058 316 1188 371 itaque
1213 317 1318 357 resti-

0 375 7 416 J
33 373 217 412 tuendum
229 370 302 411 effe
318 371 403 410 satis
414 381 519 424 patet
539 384 587 410 ex
601 371 676 422 Ety
682 371 792 410 mol.
785 385 821 409 in
837 372 976 410 Σίλλοι·
991 372 1079 411 huic
1094 373 1194 411 enim
1210 372 1317 424 prio·

0 427 3 474 ζ
34 437 77 465 ra
97 425 201 465 istius
220 424 352 464 scholii
371 426 576 470 debentur,
596 430 697 464 unde
718 424 828 463 fimul
852 425 1032 476 liquebit,
1049 438 1165 477 quam
1186 427 1314 478 inepte

0 496 3 523 2
34 480 243 518 τιλλαίνειν
261 479 359 518 τινὲς
373 479 434 518 hic
450 490 634 530 ponatur,
654 477 869 531 posteriora
889 478 1055 516 Suidae
1048 492 1086 516 in
1107 482 1315 518 Σιλλαίνει·

0 538 3 561 ='
33 533 140 596 apud
150 545 239 572 eum
255 545 328 585 pro
350 529 369 571 ὗ
390 532 606 575 ἀκολασίαι,
626 531 736 593 quod
748 531 840 569 nihil
858 531 902 569 ad
921 532 1218 584 explicationem
1240 545 1317 572 vo-

0 585 2 591 ’
35 587 90 626 cis
103 587 232 625 σίλλος
247 586 433 638 pertinet,
451 585 553 624 rede
568 581 736 636 legitur
723 600 740 624 n
759 586 981 637 κακολογία·
996 596 1076 624 tum
1096 597 1316 638 praeterea,

37 639 54 678 ὃ
69 638 202 678 ταῦτα.
216 641 372 692 ’γράφων
389 638 661 692 σιλλογρέιφος,
676 639 880 691 quomodo
894 638 1033 677 Matth.
1046 640 1163 678 etiam
1181 639 1317 680 Sladus

0 699 3 702 ’
35 692 274 747 reposuerat.
292 694 458 732 HEMST.

0 750 1 753 ’
93 749 183 801 Pag.
208 761 290 799 ¹45·
303 748 325 785 l.
345 761 379 786 2.
389 742 532 785 Ω’στε’
519 745 596 797 εγὼ
610 741 696 783 οὗεΐὲ
707 761 769 796 μιν.
777 744 794 798 )
811 744 951 799 Interp.
967 747 1109 799 Ideoque
1123 746 1236 785 Iovem
1247 745 1317 797 fiz-

36 801 79 840 ai
89 801 244 854 postridie
262 816 330 839 non
343 803 475 840 record
464 812 590 838 turum
601 802 781 850 putabam,
795 815 854 838 nec
867 812 999 839 tantum
1013 802 1053 839 ob
1066 816 1130 839 rem
1143 801 1265 839 tantill
1267 817 1316 839 zm

27 856 333 909 stomachaturum.
350 854 443 894 Non
457 852 635 912 expreffit
649 854 729 892 vim
749 854 872 892 locuti
863 855 959 893 ¹onis
976 850 1051 907 οὐχ
1064 853 1180 914 ὅπως,
1196 866 1315 906 atque

36 909 133 948 adeo
164 910 285 948 totius
310 908 457 962 periodi
482 906 630 947 ienium
656 907 877 947 infirmavit.
904 908 1086 947 debuisset
1111 909 1212 947 enim
1237 908 1315 948 hoc

37 963 178 1002 modo:
200 964 321 1015 Itaque
331 964 522 1016 putabam,
541 978 582 1000 ne
600 963 850 1001 recordaturum
867 962 996 1014 quidem
1015 962 1128 1026 Iovfm
1143 963 1215 1000 eius
1225 961 1316 1013 fhHi

32 1017 210 1070 postridie,
232 1019 352 1055 nedum
368 1019 450 1055 adeo
472 1016 621 1068 graviter
637 1017 677 1055 ob
699 1017 737 1054 id
754 1016 1024 1067 indignaturum.
1044 1012 1122 1069 οὐχ
1143 1016 1244 1056 ὅπως
1261 1014 1316 1056 est

34 1073 168 1110 nedum.
182 1071 395 1110 V1TR1NG.

92 1127 168 1162 ead.
187 1125 210 1162 l.
236 1139 268 1178 3.
288 1120 634 1189 Οὗὸὲμνημονεὺω)
648 1121 802 1175 Castiga
816 1120 1114 1173 οὖέὲμνημονεὺε
1103 1138 1160 1163 ιι.
1173 1124 1318 1164 BROD.'

92 1180 166 1216 ead.
183 1179 206 1216 l.
220 1194 256 1227 4.
269 1175 379 1231 Οὗχ
372 1178 471 1217 ὅπως
487 1178 563 1217 δίε.
567 1177 584 1230 )
598 1178 633 1215 V
640 1188 734 1223 erte,
747 1179 867 1216 nedum
881 1190 920 1216 ut
927 1189 1050 1229 propte
1048 1194 1101 1216 ea
1115 1178 1218 1231 usque
1231 1181 1316 1218 adeo

36 1231 256 1282 irasceretur.-
279 1232 384 1290 quod
401 1244 480 1270 non
497 1229 694 1283 expreffit
687 1240 883 1283 interpres
901 1231 1030 1271 CLER.

90 1286 172 1324 ibid.
192 1284 433 1338 Τηλικιωτσι)
452 1284 494 1324 Id
514 1284 851 1333 e1³c‚÷nm1n0227c..›c
870 1285 1027 1325 GUIET.

92 1342 169 1378 ead.
182 1340 204 1377 l.
219 1355 256 1391 7.
273 1342 319 1378 To
333 1351 494 1391 χαλεπ.
507 1338 524 1392 )
546 1341 653 1389 Quod
662 1339 758 1392 longa
772 1339 900 1391 quidem
912 1340 1055 1392 gravius
1070 1339 1157 1392 effit.
1172 1339 1312 1380 BROD.

93 1397 167 1432 ead.
180 1394 203 1432 l.
218 1408 254 1447 9.
268 1396 314 1431 To
332 1409 397 1432 του
401 1393 485 1454 λό’)
496 1391 554 1457 ov)
574 1395 682 1443 Quod
686 1394 861 1444 proverbto
875 1393 1029 1433 iaffatur.
1045 1394 1185 1433 BROD.

92 1451 166 1487 ead.
183 1447 208 1486 l.
229 1461 287 1487 10.
300 1446 352 1498 Tap
365 1461 410 1500 ’γι
401 1464 417 1485 ι
433 1463 496 1486 τον
508 1462 648 1499 ουρανον
662 1447 778 1497 ἀιοιμ.
781 1446 798 1500 )
813 1447 887 1486 Hic
899 1447 1010 1487 locus
1023 1447 1218 1487 Erasmum
1233 1460 1314 1489 non

37 1499 165 1554 fugit
157 1514 196 1540 m
215 1503 318 1542 Mare
332 1503 421 1540 coelo
435 1501 577 1568 miscere.
599 1501 766 1540 HEMST.

93 1559 167 1595 ead.
181 1555 204 1593 l.
225 1569 282 1609 13.
300 1552 436 1594 Εὖτέλς
440 1571 498 1595 mv
516 1570 579 1594 και
594 1554 805 1608 ἀγέννειαν)
819 1550 946 1594 Εὖτέλ.
960 1556 1065 1595 exL.
1079 1555 1119 1595 ἃ
1136 1556 1194 1595 ed.
1206 1555 1235 1595 I.
1248 1555 1316 1598 est.

38 1607 82 1648 ln
105 1609 262 1662 reliquis
279 1608 463 1662 impreffis
482 1622 556 1663 pro
575 1622 625 1648 eo
644 1609 911 1662 μικροψυχιοιν
935 1611 1081 1662 legitur.
1107 1609 1172 1649 De
1192 1611 1317 1662 ἀγέν-

38 1677 135 1702 νειαν
148 1663 233 1702 leve
244 1663 297 1703 est
309 1664 416 1715 quod
428 1664 644 1703 moniturus
660 1663 762 1710 sum,
781 1664 819 1702 in
831 1664 1012 1703 omnibus
1033 1663 1211 1703 mendoie
1229 1664 1316 1704 scri-

38 1716 112 1756 bi'
95 1719 285 1778 αγένειειν,
301 1716 367 1756 nisi
383 1718 489 1770 quod
508 1716 588 1756 sola
607 1717 660 1755 Fl.
679 1717 869 1771 ἀγέννοιιιν
892 1718 1072 1757 mendose
1094 1718 1219 1757 habet.
1241 1719 1313 1758 Sed

39 1770 109 1810 ista
123 1772 271 1818 tenuia,
291 1771 358 1810 nifi
383 1772 546 1811 editores
570 1772 722 1811 cautius
748 1772 1077 1821 animadvertant,
1095 1783 1156 1811 tot
1182 1771 1314 1813 foedas

38 1824 284 1865 Graecorum
307 1825 494 1867 librorum
521 1826 711 1865 editiones
739 1826 778 1864 in
803 1836 1002 1866 aeternum
1028 1827 1316 1880 propagabunt.

37 1878 198 1919 SOLAN.
212 1879 511 1933 Μικροψυχίιιν)
526 1879 730 1931 Quoniam
748 1880 840 1919 haec
862 1893 944 1919 vox
965 1882 1089 1920 multo
1110 1881 1244 1920 melius
1262 1895 1314 1922 ex

39 1931 284 1973 Graecorum
299 1933 369 1973 usu
383 1934 457 1974 huc
478 1935 685 1982 convenit,
702 1947 820 1986 quam
836 1929 1027 1981 ευτέλειιι,
1042 1948 1121 1974 non
1138 1937 1315 1975 commit.

38 1988 198 2026 tendum
213 1988 430 2034 videbatur,
447 2000 490 2028 ut
504 2001 586 2027 eam
608 1988 796 2028 deteriore
815 2000 1016 2027 mutarem.
1036 1990 1104 2041 ἈΨ
1116 2004 1149 2027 ει
1155 1990 1193 2027 ἧς
1211 1992 1252 2029 ἃ
1268 1991 1314 2027 ἐι-

39 2042 185 2094 ysvvn5,
195 2054 374 2095 quaeque
385 2043 469 2082 inde
479 2043 685 2087 ducuntur,
695 2042 788 2094 o’vye't
793 2058 853 2081 ειει
865 2044 932 2081 ἃ
915 2048 1009 2096 aye]
1013 2060 1025 2081 ι
1030 2058 1086 2080 eta
1098 2044 1314 2103 promiscue

40 2094 122 2135 fere
135 2094 257 2135 solent
268 2096 462 2149 usurpari,
478 2095 529 2136 s1c
540 2106 604 2143 ut,
624 2095 652 2135 fi
666 2095 830 2136 Codices
845 2097 1053 2136 hodiernos
1066 2098 1105 2136 δε
1117 2110 1313 2137 rationem

41 2148 81 2187 in
96 2149 233 2188 nostris
251 2150 333 2188 edd.
353 2150 538 2190 scribendi
551 2149 814 2198 consulamus
828 2151 994 2203 dignoici
1009 2164 1087 2189 non
1104 2151 1240 2203 poffit
1261 2165 1312 2192 an

38 2216 113 2256 pro
126 2203 284 2244 diverfis
297 2204 389 2243 olim
404 2203 545 2244 fuerint
564 2204 714 2250 habita,
735 2217 873 2243 necne:
892 2218 1152 2257 quamquam
1182 2205 1209 2243 fi
1232 2207 1313 2244 ori-

41 2257 167 2309 ginem
182 2270 299 2309 atque
315 2258 515 2319 analogiae
531 2258 633 2311 leges
650 2257 813 2318 speeies
835 2259 938 2311 prius
953 2260 998 2297 ad
1015 2272 1137 2311 genus
1157 2259 1315 2312 eiulque

39 2310 190 2361 sordes,
208 2312 369 2351 alterum
385 2313 431 2351 ad
444 2313 611 2351 animum
628 2325 783 2365 proprie
799 2313 1025 2365 pertineant.
1043 2314 1204 2352 HEMST.

99 2365 288 2419 Pag.146.
307 2367 332 2404 l.
355 2380 390 2405 2.
410 2365 580 2405 Τοιαῦται
597 2366 821 2419 ἐργάζεται)
838 2367 954 2413 Anol.
971 2379 1191 2406 τιιιικιιυτει
1211 2367 1313 2419 ὀργί-

42 2417 163 2469 ζεται.
176 2419 350 2460 BouRn.
361 2420 545 2460 Omnino
541 2433 593 2459 Ὗ
606 2420 753 2460 Codice
768 2433 855 2460 cum
869 2421 984 2473 Angl.
1000 2433 1079 2460 tum
1096 2422 1187 2466 alio,
1202 2423 1312 2461 cuius

41 2485 223 2532 excerpta
238 2487 354 2526 penes
368 2487 430 2513 me
445 2473 551 2519 sunt,
566 2475 790 2527 legendum,
812 2475 841 2513 εἰ
858 2490 916 2528 xps
901 2491 965 2513 ων
977 2476 1060 2528 ὅλη
1068 2492 1111 2514 ων
1125 2473 1232 2513 ἕνεκα
1244 2491 1313 2514 τη-

42 2536 216 2568 λικοιυτα,
237 2528 361 2582 ὂργίζε
363 2543 453 2576 ται,
461 2531 499 2581 s
483 2543 637 2582 parvae
652 2530 764 2569 camis
783 2529 892 2583 causa
913 2542 1081 2583 tantopere
1101 2530 1309 2584 indignatur.
