1737 3378
454 250 627 286 Xxxvr
736 229 846 280 DE
878 230 1208 287 AETATE,
1253 230 1452 277 VITA

455 356 614 391 contra
637 339 825 402 Scythas
846 339 945 384 dux
962 350 1166 399 praeerat
1181 339 1398 383 omnibus
1416 339 1619 394 Graecis,
1638 338 1705 383 ‘sea

453 407 666 453 cundum
694 404 833 449 verba
853 405 1068 458 Luciani,
1101 403 1246 461 (Tox.
1273 419 1308 448 c.
1333 405 1429 462 54.)
1463 403 1510 446 id
1529 403 1616 456 est,
1647 411 1703 446 nt

454 470 688 524 existimo,
724 469 884 512 incolis
903 468 1089 512 urbium
1112 467 1387 512 Graecarum
1411 466 1697 511 Chersonesi:

452 535 600 593 idque
615 550 774 577 eorum
793 533 1036 576 confirmat
1054 530 1325 575 sententiam
1338 565 1350 585 ‚
1371 532 1453 590 qui
1474 530 1671 574 credunt
1684 562 1700 585 ,

453 599 579 642 istam
603 597 840 659 regionem
861 594 1051 655 paruisse
1069 595 1263 654 imperio
1282 597 1394 657 regis
1409 594 1613 653 Bolpori.

515 662 647 706 Idem
678 661 968 705 Tillemontius
996 659 1098 703 eod.
1115 659 1172 703 T.
1194 674 1214 703 Q
1235 693 1247 714 ‚
1266 675 1310 718 p.
1336 672 1382 711 71
1402 674 1440 713 1,
1466 657 1697 702 historiam

448 725 700 772 Alexandri
715 723 968 783 impostoris
988 739 1045 766 ex
1060 723 1247 767 Lucian.
1265 735 1438 767 enarrat
1451 757 1463 778 7
1480 737 1624 781 quam
1639 736 1698 765 ex

449 791 614 835 Nostro
635 788 886 848 petendam
909 804 1005 831 non
1026 798 1288 846 repetemus
1302 821 1313 840 ,
1332 787 1442 831 haec
1459 798 1616 830 tamen
1639 800 1698 829 ex

450 872 497 915 p.
519 869 535 906 7
552 869 601 913 13
617 855 705 911 leq.
721 853 778 896 ad
792 862 989 896 aetatem
1009 851 1199 895 Luciam
1219 852 1429 896 facientia
1444 866 1543 894 non
1562 849 1701 894 omit-

446 932 622 964 ternus:
648 918 782 961 Fama
797 915 1045 960 Alexandri
1062 931 1176 959 mox
1191 915 1238 959 in
1259 916 1435 959 Italiam
1454 914 1600 973 usque
1616 913 1700 957 de-

447 985 537 1027 lata
557 982 618 1025 est
631 1015 642 1036 ‚
662 980 700 1024 8c
717 981 1056 1025 venerabantur
1077 996 1185 1023 eum
1206 981 1339 1023 etiam
1357 979 1404 1022 in
1417 979 1520 1022 aula
1534 978 1596 1021 M.
1610 978 1699 1022 Au-

447 1048 567 1092 relii,
602 1045 684 1089 ubi
716 1058 966 1104 patronum
998 1044 1161 1088 habuit
1193 1043 1509 1096 Rutilianum,
1543 1042 1698 1086 virum

447 1110 626 1170 p1imae
649 1109 877 1171 dignitatis
894 1144 905 1164 ‚
930 1108 1006 1153 sed
1026 1107 1284 1152 admodum
1310 1106 1667 1167 superstitiosum
1683 1139 1700 1161 ,

449 1174 630 1233 quique
662 1190 717 1218 eo
746 1174 1007 1217 dementiae
1034 1172 1269 1232 processit,
1301 1183 1353 1216 ut
1385 1182 1532 1216 aetate
1562 1169 1698 1214 valde

445 1234 651 1298 profeela
677 1238 815 1281 filiam
831 1238 966 1282 huius
984 1236 1240 1296 impostoris
1265 1236 1480 1291 duceret,
1508 1234 1698 1279 credens

446 1303 632 1346 Lunam
653 1302 747 1346 eius
766 1300 850 1346 effe
868 1313 1076 1346 matrem.
1098 1301 1219 1345 Falsa
1240 1317 1359 1359 quae
1379 1299 1585 1344 ediderat
1603 1314 1700 1343 ora-⁴

446 1368 550 1409 cula
567 1366 788 1411 Severiano
816 1364 856 1410 Sc
887 1366 1049 1410 Vindici
1072 1365 1268 1409 ducibus
1293 1365 1585 1408 exercituum
1603 1362 1699 1407 Ro-

448 1445 696 1474 manorum
710 1464 721 1485 ,
738 1430 968 1489 (I’seuclom.
989 1445 1025 1474 c.
1046 1444 1066 1473 Q
1080 1431 1135 1489 7.)
1151 1425 1469 1473 a115t01·itatem
1487 1428 1582 1471 eius
1602 1441 1698 1470 non

447 1494 727 1538 minuebant
760 1495 807 1537 in
837 1494 1073 1538 mentibus
1104 1494 1319 1548 illorum,
1351 1508 1469 1551 quos
1495 1491 1697 1535 daemon

445 1558 653 1617 captivos
677 1558 855 1612 tenuit,
877 1559 1056 1616 quique
1076 1557 1334 1611 merebant,
1359 1567 1413 1600 ut
1430 1555 1605 1616 spiritui
1629 1571 1697 1600 er-

444 1622 555 1665 roris
595 1621 972 1680 relinquerentur
990 1655 1002 1677 ,
1048 1633 1101 1665 ut
1142 1621 1381 1666 crederent
1418 1619 1662 1664 mendacio
1680 1651 1695 1674 ,

446 1684 580 1745 quod
611 1701 710 1729 non
741 1696 1009 1744 receperant
1041 1701 1092 1730 ac
1129 1686 1385 1729 dilexerant
1425 1685 1695 1738 veritatem,

444 1766 565 1810 quae
587 1766 662 1803 eos
681 1749 739 1793 ad
765 1750 958 1793 salutem
984 1748 1279 1809 perduxisset.

505 1814 575 1859 Eo
603 1830 744 1875 porro
763 1814 1031 1858 insolentiae
1051 1813 1305 1876 progressus
1334 1814 1419 1869 est,
1445 1824 1498 1858 ut
1517 1813 1575 1858 ab
1600 1814 1695 1858 Im-

440 1890 652 1940 peratore
675 1879 858 1923 veniam
883 1890 1060 1941 rogaret
1090 1890 1308 1923 monetae
1335 1877 1692 1938 percutiendae,

440 1960 562 2004 quae
582 1944 833 2006 imaginem
864 1944 991 1989 suam
1015 1944 1073 1987 ab
1101 1945 1240 1987 altera
1267 1953 1397 2003 parte
1414 1976 1426 1998 ,
1458 1941 1498 1986 &
1518 1942 1694 2003 Glyco-

439 2010 508 2053 nis
536 2008 593 2051 ab
615 2009 754 2052 altera
777 2007 979 2053 referret.
1002 2008 1111 2052 Non
1131 2008 1337 2061 additur,
1356 2023 1474 2051 num
1495 2007 1543 2051 id
1568 2007 1693 2051 obti-

438 2072 605 2117 nuerit.
631 2071 738 2134 [sed
760 2088 815 2116 ex
840 2083 968 2132 parte
998 2071 1245 2116 obtinuiffe
1265 2071 1489 2116 existimat
1511 2072 1694 2116 Solemus

436 2137 486 2181 in
513 2147 625 2181 nota
651 2136 710 2181 ad
742 2152 778 2180 c.
800 2140 855 2193 58
879 2135 1130 2199 Pseudom]

502 2200 642 2245 Fraus
657 2200 846 2245 tandem
865 2201 994 2245 deslit
1018 2212 1170 2245 morte
1192 2200 1462 2260 impostoris.
1475 2226 1537 2234 ---
1553 2199 1692 2245 Periit

439 2266 566 2310 enirn
588 2275 694 2309 ante
719 2265 778 2308 M.
798 2266 1046 2312 Aurelium,
1079 2266 1133 2324 (fi
1156 2265 1231 2308 ille
1254 2265 1380 2309 idem
1405 2265 1466 2308 est
1489 2263 1693 2309 Alexan-

437 2330 544 2391 der)
568 2329 626 2373 de
647 2345 744 2388 quo
762 2330 1059 2389 Athenagoras
1084 2346 1129 2389 p.
1154 2344 1209 2387 29
1229 2328 1269 2373 Sc
1288 2345 1348 2387 30
1367 2329 1428 2373 ait
1442 2363 1454 2385 ‚
1475 2330 1590 2373 circa
1613 2344 1691 2372 an-

432 2409 555 2438 num
579 2394 666 2438 180
687 2393 888 2452 conipici
912 2394 1176 2453 iepulcrum
1192 2394 1241 2437 in
1265 2409 1384 2448 area,
1410 2393 1578 2452 grande
1592 2394 1689 2456 pla-

432 2475 479 2502 ce
503 2457 627 2517 (foro
646 2458 843 2518 maiore)
874 2458 1027 2502 Pariae
1048 2457 1172 2502 urbis
1199 2456 1521 2516 Hellesponti,
1541 2456 1590 2501 in
1609 2473 1690 2501 eo—

432 2522 640 2583 demque
659 2521 764 2569 foro
783 2522 926 2567 statua
953 2523 1089 2566 etiam
1112 2533 1204 2567 erat
1221 2520 1502 2578 Alexandri,
1529 2520 1603 2566 cui
1626 2520 1688 2564 sa·-
