1737 3378
288 215 375 266 IN
426 213 1044 266 PROMETHEUM.
1207 225 1303 265 221⁴

36 307 170 363 phanis
195 306 323 348 fabula
343 310 679 362 μετεωρολέσχους
697 309 881 362 produxit
902 309 1002 348 Suid.
1019 308 1057 347 in
1077 309 1310 361 Μετεωροκοο·

38 352 214 403 πεῖςῘΙὸί
237 373 362 402 tamen
384 364 500 402 hodie
519 364 610 403 nulli
629 363 874 415 reperiuntur
891 362 1219 414 μετεωρολέσχαι,
1245 361 1309 401 sed

36 416 353 469 μετεωροφένακες
371 431 410 455 v.
427 431 499 469 332
510 447 522 464 ‚
536 415 876 468 μετεωροσοφιστῆς
891 429 930 454 v.
953 429 1038 467 359.
1055 415 1172 468 Apud
1189 416 1310 459 Scho-¹

37 469 170 509 liasten
186 469 334 509 exstant
348 471 393 509 ad
409 484 447 509 v.
466 484 556 522 223,
577 483 661 522 330.
681 469 844 507 HEMST.

93 524 173 562 ibid.
188 524 252 562 col.
271 538 304 562 2.
334 524 356 561 l.
379 537 408 561 1.
426 522 653 576 Ἀρίστωνος)
675 522 786 560 Adde
809 521 824 559 ὁ
844 522 914 573 Ἀρ.
940 530 983 560 ut
998 521 1187 561 Aristonis
1205 520 1312 561 filius

39 576 160 616 Plato.
185 577 350 616 HEMST.

94 631 185 680 Pag.
204 642 264 681 25.
287 630 311 668 l.
332 642 362 682 5.
383 631 430 667 Tb
453 626 549 668 &Hm
567 627 620 676 τῷ
640 625 788 680 ἂρῥενι)
807 628 891 667 Hac
908 627 953 666 de
968 639 1007 666 re
1022 626 1212 666 Phaedrus
1227 626 1306 668 fine

41 682 132 722 Fab.
151 683 189 721 δι
207 683 255 721 ibi
270 683 404 734 interp.
420 682 592 721 BoURD.
612 679 747 720 Miscet
763 681 824 720 hic
838 682 1034 720 Lucianus
1050 681 1129 719 duo
1146 680 1310 732 figmen-

41 746 98 775 ta:
125 735 331 775 Poetarum
343 737 521 774 nimirum
537 734 763 787 figmentum
777 735 822 774 de
836 734 1085 780 Prometheo,
1104 747 1219 786 quem
1235 734 1309 774 ho-

41 790 164 829 mines
187 802 209 829 e
229 790 313 829 luto
335 787 511 827 formasse
532 789 731 834 dicebant,
757 788 799 827 &
820 788 988 827 Platonis
1012 788 1058 826 de
1085 788 1213 839 primis
1235 788 1309 826 ho-

38 843 219 889 minibus,
242 856 343 896 quos
363 843 528 896 primum
555 841 802 894 devspowvovf
823 841 936 882 fuiffe
951 842 1004 881 ait
1025 841 1064 880 in
1078 840 1311 894 Symposio,

37 896 170 936 deinde
187 897 225 935 in
247 898 338 935 duas
354 907 481 949 partes
497 894 627 935 feeios.
643 895 769 935 Cim.

95 952 168 988 ead.
190 951 212 987 l.
229 951 263 989 6.
279 948 601 1003 Ἐγκοιταμίξας)
617 949 737 989 Ριθέὶο
749 980 763 996 ,
780 961 830 988 ne
844 949 932 1002 quis
947 947 1134 989 conie&et
1152 962 1310 1001 swynae-

36 1017 134 1054 ‘MIL-
153 1002 291 1043 Noster
305 1005 349 1043 de
363 1002 501 1043 Conse.
518 1002 611 1042 Hist.
627 1002 643 1052 ξ
666 1017 728 1056 13,
743 1005 786 1042 τὶ
798 1005 928 1042 λευιδον
943 1001 1187 1056 ἐγκαταμίξῃ
1204 1002 1309 1041 πολὺ

37 1057 94 1107 τῷ
112 1057 314 1109 φαρμάκῳ·
339 1057 475 1097 Achill.
497 1057 585 1096 Tat.
607 1056 680 1104 IV,
705 1070 738 1109 p.
767 1057 855 1096 261.
882 1056 964 1095 Pari
993 1056 1110 1095 modo
1135 1056 1306 1109 Scriptor

38 1111 86 1150 de
101 1111 234 1149 Mund.
254 1125 289 1163 p.
313 1125 375 1164 13,
390 1125 429 1151 v.
447 1110 470 1150 8
483 1139 495 1158 ,
517 1110 730 1164 χρωμάτων
750 1109 1041 1164 ἐγκερασοιμένη
1066 1108 1211 1160 φύσεις,
1232 1122 1309 1163 pro

40 1178 197 1217 cuynsg).
222 1166 382 1203 HEMST.

93 1220 159 1256 ead
173 1220 196 1256 l.
211 1231 247 1268 7.
264 1216 409 1257 Τοιοῦτο
425 1216 593 1270 φανοίην)
614 1215 753 1256 Nescio
774 1216 865 1270 quid
885 1218 937 1256 ita
958 1217 1117 1256 cunstas
1138 1216 1220 1255 edd.
1249 1216 1308 1255 in-

38 1269 174 1310 sederit
188 1272 366 1311 vitiosum
382 1271 472 1311 illud
484 1271 633 1322 φοινοίην
651 1284 724 1323 pro
738 1272 888 1321 φανείην
903 1280 968 1310 aut
987 1270 1186 1320 φαινοίμην,
1200 1270 1308 1322 quod

39 1325 104 1364 vel
116 1325 400 1365 Grammaticae
418 1326 518 1378 leges
538 1324 677 1377 expelli
691 1324 856 1363 iubeant.
880 1323 1081 1364 Praeterea
1103 1323 1308 1375 legendum

38 1378 118 1418 stne
133 1379 252 1419 dubio
268 1378 448 1426 τοιοῦτος,
469 1379 506 1418 id
520 1377 594 1426 est,
618 1377 735 1429 ’ὅμοιόν
754 1392 792 1418 τι
817 1373 872 1427 τῷ
887 1376 1068 1430 Πρεμηθεῖ
1083 1379 1311 1417 πεποιηκώς·

40 1434 150 1484 magis
173 1434 271 1473 etiam
296 1449 332 1473 eo
351 1445 438 1473 metu
462 1447 686 1478 commoveor,
709 1448 750 1471 ne
771 1433 844 1470 alia
871 1435 1017 1484 quadam
1037 1432 1073 1470 in
1096 1447 1128 1470 re
1148 1432 1229 1470 talis
1251 1432 1309 1471 νὶ-

39 1489 142 1532 dear,
165 1488 295 1540 qualem
311 1488 351 1539 se
375 1487 597 1526 Prometheus
616 1487 785 1539 praebuit.
808 1486 975 1525 HEMST.

93 1544 167 1580 ead.
187 1542 210 1581 l.
236 1541 272 1580 8.
292 1542 416 1580 Ὀα-τῖι
439 1540 548 1594 ποις.)
573 1539 788 1591 Aeschylus
812 1540 853 1578 in
873 1539 1118 1580 Prometheo.
1137 1539 1279 1578 BROD.

96 1597 171 1633 ead.
186 1595 207 1633 l.
223 1609 260 1647 9.
274 1594 553 1645 Κεκαλυμμένα
564 1593 610 1644 τῇ
625 1593 770 1643 πιμελῇ
782 1593 799 1646 )
812 1593 920 1633 sicin
932 1593 1126 1634 Prometh.
1141 1593 1182 1632 δι
1198 1592 1308 1634 Dia1.·

40 1646 168 1688 Prom.
183 1650 224 1688 &
238 1648 326 1688 Iov.
342 1662 390 1688 ex
406 1647 561 1688 Hefiod.
582 1661 595 1685 ι
615 1647 736 1700 Oper.
751 1647 925 1687 BOURD.

92 1702 172 1741 ibid.
191 1702 362 1756 Γέλωτα)
382 1702 563 1741 Τουτέστι
576 1732 589 1747 ,
611 1703 772 1754 ’γέλωτα
786 1702 963 1750 κωμικόν.
987 1701 1128 1740 BROD.

93 1759 166 1795 ead.
188 1757 211 1795 l.
233 1770 290 1795 10.
310 1754 538 1812 Φιλοσόφων)
557 1755 616 1795 Sic
630 1755 687 1794 ed.
713 1756 743 1794 Ι.
766 1755 954 1808 Reliquae
971 1753 1181 1806 φιλοσὸφῳ,
1198 1754 1305 1808 quod

38 1808 154 1848 etiam
173 1810 210 1849 in
225 1809 278 1849 Ο.
303 1812 343 1851 &
358 1811 413 1849 M.
435 1809 511 1858 est3
530 1808 766 1855 duriuscule,
787 1810 966 1862 quamvis
988 1808 1107 1847 exstet
1129 1808 1223 1859 igne.
1241 1823 1308 1862 45.

41 1862 82 1902 P.
99 1864 139 1904 &
155 1864 199 1902 B.
217 1878 251 1902 2.
274 1863 490 1915 φιλοσόφου.
504 1863 660 1903 SOLAN.
677 1861 898 1902 Le&i0nem
914 1864 971 1902 ed.
987 1863 1017 1900 I.
1035 1862 1305 1915 interpolatam

0 1935 1 1945 κ
39 1917 174 1970 utique
188 1918 318 1957 valere
340 1917 446 1958 iuffi:
471 1918 673 1971 quomodo
695 1917 821 1969 ’γέλως
843 1919 1018 1967 κωμικὸς,
1038 1916 1087 1956 sic
1111 1915 1151 1954 &
1177 1916 1309 1966 σεμνό·

40 1984 112 2010 της
129 1970 344 2022 φιλόσοφος·
359 1974 402 2011 τὸ
426 1971 634 2024 κυριώτερον
648 1971 730 2010 ἀντὶ
750 1969 952 2016 κτητικοῦ,
966 1980 1010 2010 ut
1031 1969 1152 2018 solent
1166 1969 1310 2010 Gram-

0 2029 1 2048 ³
21 2025 193 2077 „matici,
212 2038 295 2078 quo
324 2025 419 2065 nihil
441 2025 494 2065 est
519 2024 769 2078 frequentius,
793 2023 854 2064 Sic
875 2023 1078 2073 φιλόσοφος
1099 2023 1309 2075 χαρακτὴρ

43 2078 164 2132 λόγου
188 2078 374 2132 Apollon.
396 2078 525 2131 Tyan.
547 2079 615 2132 Ep.
637 2079 745 2118 XIX.
767 2078 840 2123 βίος
861 2077 996 2118 Euseb.
1018 2078 1068 2117 H.
1090 2078 1133 2117 E.
1156 2076 1236 2127 VI,
1259 2092 1308 2131 3,

43 2130 244 2183 φιλόσοφον
264 2126 351 2182 ἦθος,
365 2133 507 2185 σχῆμα
523 2132 683 2185 Origen.
697 2134 738 2172 in
753 2131 851 2171 Cels.
866 2132 896 2171 1.
913 2134 1074 2171 HEMsT.

99 2186 182 2225 ibid.
197 2187 243 2223 Tb
261 2188 340 2239 'stef
354 2185 419 2228 τῆς
436 2186 662 2232 κλεπτικῆς,
679 2186 742 2226 καὶ
758 2188 837 2239 ’γὰρ
856 2184 1063 2225 κλεπτικῆς
1078 2184 1093 2223 ὁ
1111 2187 1213 2231 θεὶς,
1226 2185 1315 2224 ἄτᾳ

43 2253 121 2292 mys
139 2236 249 2278 τοῦτο
274 2240 400 2290 μόνον,
420 2238 483 2279 οῦκ
511 2240 554 2280 ἂν
581 2241 698 2280 εἴποις
721 2239 851 2280 ἐνεῖναι
874 2240 954 2278 τοῖς
976 2237 1186 2291 ἦμετέροις)
1202 2239 1308 2278 Lati-

44 2305 118 2332 nos
138 2293 362 2346 interpretes
381 2293 409 2332 s1
430 2293 605 2333 consulas
617 2325 629 2341 ‚
648 2293 739 2332 nihil
758 2293 937 2333 hocloco
951 2293 1003 2332 est
1018 2293 1230 2332 obscurius.
1243 2292 1306 2332 Sic

41 2347 144 2385 enim
157 2357 332 2387 vertunt:
361 2349 469 2399 Quod
482 2348 566 2387 enim
586 2350 629 2400 cst
637 2349 741 2398 fict‘ti.
764 2347 861 2400 (nam
873 2346 964 2398 fitrti
981 2347 1023 2398 est
1043 2347 1167 2399 aliquis
1179 2347 1302 2399 Deus)

40 2415 149 2453 apage
169 2401 231 2439 hoc
243 2400 382 2452 stylum,
402 2417 469 2440 non
489 2403 613 2441 dixeris
632 2401 730 2454 ineffi’
744 2402 862 2455 nostris
876 2401 1024 2454 firiptis.
1041 2400 1133 2439 Non
1152 2411 1303 2452 poterat

43 2452 227 2494 insulfius.
250 2454 356 2507 Quis
374 2456 476 2494 enim
494 2455 678 2508 intelligat
690 2485 703 2502 ‚
718 2458 809 2508 quod
823 2457 867 2507 est
883 2456 967 2494 enim
975 2453 1094 2504 furti?
1110 2453 1195 2492 dein
1211 2453 1305 2505 quid

40 2506 120 2548 hoc
141 2507 188 2548 ad
208 2521 312 2557 rem,
327 2508 402 2551 effe
420 2507 613 2550 furtorum
628 2509 759 2550 Deum
771 2539 786 2556 ,
801 2507 882 2552 five
901 2509 933 2548 is
946 2507 991 2548 fit
1003 2508 1219 2548 Mercurius
1229 2536 1241 2552 ‚
1259 2505 1305 2552 st-
