1737 3378
421 216 510 279 388
625 208 1500 284 ANNOTATIQNES

418 304 469 342 ci.
488 301 591 340 Idem
612 299 710 341 Iove
725 299 913 341 confutat.
931 300 1104 342 BOURD.
1128 300 1375 342 Cui·sumtus
1392 301 1538 343 funeris
1559 302 1695 345 defuit.

390 353 393 357 '
418 355 545 395 Corn.
560 355 706 407 Nepos.
722 355 881 394 SOLAN.

472 411 548 448 ead.
568 409 592 446 l.
608 410 644 451 6.
669 408 867 457 Ἱππονίκῳ
892 407 955 447 καὶ
971 406 1084 460 Keos.)
1103 408 1323 461 Hipponicus
1342 420 1450 462 pater
1471 408 1543 448 fuit
1565 411 1694 449 Calliae

419 462 569 515 prodigi
590 462 769 514 nepotis,
787 463 832 501 de
855 475 934 515 quo
951 461 1041 501 alias
1056 463 1269 514 complura.
1291 463 1430 502 BROD.
1452 463 1694 503 Atheniensis

420 526 596 568 uterque.
612 514 772 555 Calliam
786 517 1027 567 Laccoplutum
1045 515 1208 564 dietum,
1227 516 1361 555 Suidas
1375 517 1437 555 ait.
1457 517 1543 556 Fuit
1555 517 1694 570 utique

419 567 709 609 Atheniensium
726 569 940 615 ditissimus,
961 568 1057 608 Plut.
1078 583 1125 607 or.
1149 573 1310 608 Φιλοπλ.
1333 571 1545 624 Hipponici,
1564 581 1606 609 ut
1629 571 1693 610 vi·-

421 624 553 671 detur,
576 622 687 662 filius.
705 623 818 662 Adeo
833 634 959 662 autem
974 622 1035 662 ille
1048 622 1243 670 scelestus,
1267 634 1330 671 ut,
1354 635 1442 662 cum
1458 623 1579 663 Solon
1595 636 1694 663 con-

421 676 545 716 silium
559 676 594 716 ei
612 676 722 716 suum
745 677 790 715 de
810 676 1032 716 nominibus
1054 676 1170 715 novis
1189 675 1366 715 faciendis
1391 676 1614 730 aperuisset,
1635 677 1694 716 in-

422 742 554 783 gentes
574 730 754 783 pecunias
777 740 996 777 mutuatus,
1021 742 1135 782 agros
1163 730 1316 778 emerit3
1344 744 1424 782 quo
1449 730 1550 769 faeto
1570 731 1693 770 credi-

423 796 529 824 tores
542 815 555 831 ,
579 797 673 823 mox
685 784 767 835 lege
783 783 828 822 de
844 784 956 822 novis
972 783 1111 822 tabulis
1123 783 1199 822 lata
1210 814 1221 832 ,
1242 783 1443 823 frustratus
1456 783 1520 823 est.
1537 783 1588 823 V.
1603 783 1695 824 Plu-

422 838 542 877 tarch.
565 837 642 877 Sol.
668 839 738 887 158
755 836 794 875 &
810 850 884 889 935
905 835 930 875 f.
945 836 1081 876 Pericl.
1097 837 1137 876 &
1153 837 1191 875 in
1217 836 1331 876 Arist.
1348 839 1392 876 61
1404 853 1437 876 2.
1456 837 1586 876 Callias
1605 851 1693 878 mu-

423 904 515 930 nera
530 904 550 930 a
571 903 661 943 rege
681 889 878 929 Persarum
901 889 1083 942 accepisse
1101 890 1279 930 creditus.
1304 892 1432 930 Calliae
1449 891 1560 930 huius
1575 892 1692 931 divitis

423 957 586 984 matrem
601 943 760 984 viduam
776 943 937 983 duxerat
948 944 1076 995 primo
1090 943 1263 991 Pericles,
1276 957 1352 997 qua
1364 945 1559 997 repudiata
1571 945 1694 999 Aspa-

423 998 516 1037 siam
534 998 666 1038 deinde
686 998 805 1037 duxit.
819 998 921 1037 Vide
936 997 1181 1037 Plutarchum
1200 998 1239 1035 in
1256 1011 1294 1037 v.
1317 997 1447 1038 Pericl.
1472 1012 1542 1052 301
1567 1000 1616 1038 A.
1632 999 1694 1039 ed.

424 1052 477 1091 St.
492 1052 580 1092 Vid.
594 1050 788 1104 Aristoph.
805 1050 885 1091 Av.
901 1064 985 1104 pag.
1006 1065 1100 1104 554,
1121 1052 1164 1090 δι
1180 1051 1278 1090 Ran.
1298 1064 1383 1104 pag.
1401 1066 1490 1104 233,
1508 1052 1548 1091 δι
1566 1054 1696 1094 Ἐκκλ.

424 1105 667 1146 SOLAN.1sta
684 1118 776 1157 gens
797 1115 901 1145 tanta
919 1105 1052 1145 floruit
1070 1118 1135 1157 per
1159 1117 1314 1144 omnem
1328 1105 1528 1145 Graeciam
1541 1106 1694 1146 divitia-

426 1174 514 1200 rum
530 1160 735 1212 opinione,
756 1170 819 1206 ut,
838 1160 927 1211 quia
943 1159 1184 1199 Graecorum
1202 1171 1317 1198 nemo
1337 1172 1425 1198 cum
1446 1159 1519 1199 illis
1537 1173 1696 1213 compa-

425 1214 499 1253 rari
516 1212 620 1266 poffe
635 1213 859 1259 videbatur,
879 1213 1089 1266 proverbio
1106 1213 1235 1253 locum
1258 1213 1419 1252 dederit:
1442 1213 1602 1252 Καλλίου
1625 1212 1695 1254 τοῦ

425 1268 629 1308 Ἱππονίκου
659 1266 928 1319 πλουσιώτερος
957 1266 1132 1307 Aeschin.
1159 1266 1210 1307 D.
1233 1265 1290 1312 II,
1312 1266 1327 1315 §
1356 1281 1390 1320 9.
1415 1266 1502 1305 Vid.
1527 1267 1695 1308 Maximi

427 1322 529 1373 Tyr.
548 1320 644 1360 Diff.
660 1320 813 1366 XXIII,
832 1334 868 1373 p.
884 1319 975 1374 238,
994 1334 1081 1373 239.
1095 1320 1229 1372 Lysias
1244 1333 1314 1372 pro
1329 1319 1522 1374 Aristoph.
1536 1335 1572 1373 p.
1597 1323 1669 1373 156
1683 1337 1698 1362 τ

426 1375 599 1414 Καλλίας
616 1374 631 1412 ὃ
646 1372 876 1419 Ἰππονίκου,
896 1374 958 1413 ’ὅτε
977 1374 1108 1413 νεωστὶ
1128 1371 1301 1414 ἐτεθνήκει
1321 1374 1337 1412 ὃ
1357 1373 1502 1425 πατὴρ,
1523 1374 1559 1414 ὃς
1583 1375 1696 1415 πλεῖ-

427 1442 508 1468 στα.
522 1427 595 1467 τῶν
609 1427 782 1468 Ἑλλήνων
802 1426 921 1467 ἐδόκει
941 1427 1149 1467 amicam
1171 1429 1247 1468 &c.
1262 1427 1543 1480 Andocid.‘7rspl
1565 1433 1690 1469 Μυστ.

428 1496 464 1535 p.
484 1496 544 1533 17‚
559 1496 597 1521 v.
614 1481 649 1520 8.
662 1482 702 1520 A
717 1481 796 1533 pari
811 1481 963 1521 virtutis
976 1494 1207 1534 morumque
1220 1481 1332 1521 laude
1343 1481 1458 1535 longe
1470 1481 1694 1522 abfuerunt:

427 1549 548 1588 quare
571 1549 592 1575 a
612 1534 781 1575 Comicis
802 1536 972 1575 acerbius
992 1536 1171 1588 exagitati
1194 1534 1303 1588 saepe
1322 1536 1362 1574 in
1378 1535 1596 1588 exemplum
1621 1549 1698 1590 po-

426 1601 574 1629 nuntur
596 1589 728 1629 talium
751 1589 977 1636 hominum,
998 1590 1137 1643 quibus
1162 1589 1322 1641 indignis
1337 1589 1580 1642 ampliffimae
1597 1602 1696 1644 opes

427 1645 697 1697 contigerunt:
726 1644 884 1683 Maxim.
906 1644 1008 1696 Tyr.
1027 1643 1123 1683 Diff.
1146 1643 1286 1692 XXX,
1307 1657 1343 1708 p.
1369 1657 1464 1697 309:
1481 1642 1601 1700 μηδὲ]
1620 1643 1696 1685 τῶν

426 1701 536 1751 παρὰ
548 1696 613 1737 τὴν
628 1696 738 1749 ἀξίαν
751 1695 923 1748 (menois,
940 1697 1003 1736 καὶ
1018 1694 1248 1737 πλουτήσεις
1270 1698 1340 1746 κᾷν
1356 1696 1562 1738 Ἱππόνικος
1577 1696 1630 1748 ᾗς,
1647 1712 1696 1738 νι-

429 1750 556 1791 κήσεις
572 1750 641 1791 κᾶν
655 1752 773 1791 Κλέων
786 1746 842 1802 ἧς,
860 1751 960 1804 (vid.
977 1751 1163 1791 Nostrum
1183 1750 1198 1800 §
1219 1765 1276 1804 30.
1290 1750 1307 1801 )
1321 1749 1483 1803 αἱρήσεις
1498 1749 1570 1801 κᾶν
1585 1751 1696 1790 Μέλι.

427 1821 494 1846 τος
513 1802 568 1857 ᾖς.
582 1805 703 1845 Κεθῐε
718 1818 816 1845 vero
829 1805 1022 1845 Lucianus
1037 1816 1151 1858 atque
1166 1818 1215 1844 ex
1231 1803 1409 1845 historiae
1427 1805 1590 1845 veritate
1603 1805 1696 1844 Ari-

426 1860 559 1900 stidem
571 1890 585 1906 ,
605 1870 649 1900 ut
663 1860 743 1899 vita
756 1858 1037 1899 dissimillimum
1050 1889 1063 1905 ,
1081 1857 1281 1912 opposuit:
1304 1871 1390 1897 nam
1412 1859 1556 1899 Calliae
1575 1858 1693 1898 dadu-

427 1915 505 1954 cho
531 1915 668 1968 capitis
700 1913 891 1967 postulato
913 1914 988 1953 hoc
1015 1914 1154 1953 inimici
1181 1911 1438 1964 graviffimum
1463 1913 1697 1953 obiecerunt.

427 1969 573 2008 crimen
583 1997 594 2015 ,
617 1968 722 2020 quod
737 1981 827 2007 cum
842 1967 952 2006 bonis
963 1966 1152 2013 afflueret,
1166 1965 1365 2006 Aristidem
1377 1965 1528 2017 ἀνεψιὸν
1541 1967 1580 2006 in
1592 1965 1695 2006 sum-

428 2035 491 2061 ma
506 2032 731 2075 paupertate
745 2022 881 2060 vivere
894 2031 1108 2074 pateretur:
1131 2021 1238 2061 cuius
1250 2020 1430 2059 invidiam
1443 2049 1454 2068 ‚
1475 2034 1575 2074 quae
1587 2021 1696 2060 iudi-

426 2088 516 2116 cum
533 2076 687 2115 animos
708 2074 1032 2115 vehementiffime
1051 2085 1342 2122 commoverat,
1366 2075 1693 2127 quemadmodum

426 2129 542 2179 ipsius
558 2128 724 2169 Aristidis
743 2129 961 2168 interventu
981 2129 1168 2182 depulerit
1179 2160 1190 2177 ,
1206 2128 1332 2180 legere
1350 2129 1435 2168 licet
1450 2129 1488 2167 in
1502 2128 1695 2170 Plutarch.

428 2184 478 2223 T.
498 2184 534 2232 Ι,
555 2196 592 2234 p.
615 2198 701 2237 334.
724 2183 819 2222 Eam
837 2182 1029 2222 historiam
1047 2181 1209 2236 respexit
1223 2182 1338 2222 Teles
1360 2182 1464 2235 apud
1477 2182 1583 2224 Stob.
1601 2195 1691 2235 pag.

432 2237 517 2287 516.
533 2236 720 2276 Ordinem
734 2235 882 2276 tllustris
893 2236 1058 2276 familiae
1071 2237 1271 2277 contexuit
1282 2235 1357 2276 Iac.
1370 2236 1542 2276 Perizon.
1555 2236 1602 2274 ad
1615 2236 1695 2275 Ae-

425 2290 515 2330 lian.
529 2291 579 2330 V.
596 2292 646 2330 H.
660 2292 774 2338 XIV,
792 2292 851 2338 16,
874 2292 908 2329 in
926 2291 1025 2330 haud
1048 2292 1180 2344 paucis
1192 2289 1338 2344 lapsus:
1361 2289 1554 2329 liberalius
1567 2288 1609 2328 &
1622 2302 1692 2343 ap-

426 2345 621 2399 paratiore
633 2346 828 2385 do&rinae
841 2345 953 2397 copia
972 2344 1002 2385 Ι.
1021 2345 1082 2384 Fr.
1101 2344 1330 2385 Gronovius
1343 2343 1436 2383 Obs.
1448 2343 1522 2390 IV,
1541 2357 1574 2384 c.
1596 2356 1638 2394 7,
1653 2357 1692 2396 p.

432 2412 520 2452 103.
535 2399 619 2439 Nos
633 2399 722 2439 alias
742 2399 839 2439 hanc
853 2412 1009 2452 operam
1028 2411 1106 2438 non
1125 2399 1256 2452 paucis
1270 2398 1394 2437 adhuc
1410 2396 1693 2438 difficultatibus

427 2452 648 2506 impeditam
676 2454 920 2500 navabimus‚
947 2453 988 2492 δι
1011 2452 1152 2493 multos
1174 2453 1339 2493 aliorum
1362 2464 1512 2493 errores
1534 2449 1693 2493 conabi-

425 2520 515 2547 mur
533 2519 758 2562 expurgare.
778 2508 941 2547 Hrmsr.
