1737 3378
435 255 571 292 κων
720 242 824 288 DE
861 242 1052 288 AETA
1074 242 1193 299 TE,
1236 243 1416 290 VITA

439 365 485 397 ta
502 366 623 415 opera
644 350 873 414 designare
889 385 902 407 ‚
936 350 978 396 Sc
1000 351 1133 412 quod
1147 363 1264 396 aetas
1279 352 1354 396 illa
1368 386 1380 407 ,
1401 367 1543 410 quam
1561 352 1684 406 dixi,

435 415 578 476 magis
601 414 660 459 ad
665 415 923 476 senectutem
937 416 1172 462 videretur
1189 415 1417 461 accedere.
1438 415 1529 460 Sed
1548 416 1683 476 quod

435 479 678 523 conversus
707 479 899 526 tandem
913 480 1201 525 Hermotimus
1222 481 1402 543 pallium
1423 480 1684 542 philosophi-

432 558 529 586 cum
547 543 676 588 exuit
689 578 702 600 ‚
722 543 972 603 induitque
982 561 1217 608 purpuram
1230 562 1245 590 ‚·
1265 544 1354 589 hoc
1373 554 1493 588 certe
1511 560 1567 588 eo
1582 543 1682 603 spe-

436 602 620 663 fflabat,
660 619 712 652 ut
743 608 946 653 similiter
970 609 1202 672 philosophi
1233 608 1475 669 personam
1505 608 1681 652 Marcus

434 682 651 727 exueret,
678 672 988 732 indueretque
1012 673 1138 717 illam
1154 706 1166 728 ‚
1194 688 1337 731 quam
1355 672 1544 735 Respubl.
1569 687 1682 715 con»-
1736 715 1737 719 ,

429 737 622 791 tulerat,
654 737 894 796 personam
913 737 1136 799 Principis.
1166 736 1239 781 Sic
1257 737 1382 780 enim
1413 736 1682 796 personatus
1736 737 1737 781 Ξ

431 798 746 848 Hermotimus,
783 800 998 859 (Hermot.
1025 802 1162 860 plane
1189 799 1247 844 ad
1270 800 1373 860 fin.)
1395 803 1519 854 τάχα
1549 801 1588 842 δὲ
1614 803 1683 844 καὶ

428 865 636 920 πορφυρίδα
664 866 1021 918 μεταμφιάσομαι,
1048 869 1098 910 ὡς
1118 866 1244 908 εἰδεῖεν
1273 866 1468 914 ἅπαντες,
1492 868 1549 907 ὅτι
1578 880 1682 917 μηκ-

429 926 484 969 έτι
511 943 576 980 μοι
603 932 679 970 τῶν
712 931 833 985 λήρων
857 928 1004 971 ἐκείνων
1031 929 1222 982 μέτεστιν.
1266 923 1449 987 Spectat
1479 926 1685 984 eodem,

430 990 567 1048 quod
586 991 634 1034 in
654 991 911 1035 Hermotimo
925 991 1226 1054 philosophiam
1250 1007 1443 1036 omnem
1463 990 1682 1048 damnat,

429 1069 540 1098 curn
576 1066 734 1100 tamen
768 1056 816 1099 in
848 1054 1128 1104 DemonacYe,
1162 1055 1203 1100 ἃ
1236 1055 1344 1099 alibi
1377 1055 1547 1116 abusum
1575 1066 1680 1100 tan-

427 1119 682 1164 tummodo
694 1119 979 1182 philosophiae
996 1120 1282 1183 perstringat,
1301 1134 1398 1164 non
1411 1135 1566 1164 veram
1581 1119 1678 1182 phi-

429 1182 667 1244 losophiam.
706 1183 888 1243 Nempe
921 1185 1030 1242 quia
1053 1185 1178 1245 causa
1209 1183 1325 1244 ipsa,
1346 1200 1489 1242 quam
1514 1184 1679 1245 agebat

428 1246 477 1290 in
491 1247 713 1303 Marcum,
739 1248 830 1292 hoc
853 1248 910 1292 ab
933 1263 988 1292 eo
1008 1248 1219 1310 exigebat
1235 1283 1247 1304 ,
1268 1249 1315 1292 in
1341 1264 1437 1307 quo
1461 1247 1576 1292 nihil
1594 1247 1676 1292 ha-

426 1310 568 1355 bebat
585 1345 597 1366 ‚
619 1312 753 1370 quod
774 1312 1133 1371 reprehenderet
1157 1314 1339 1357 alienum
1368 1328 1393 1356 a
1422 1313 1677 1372 praeceptis

427 1375 776 1437 castigatiffimae
800 1376 1097 1439 philcffophiae.
1133 1377 1312 1420 Eodem
1341 1376 1547 1435 denique
1575 1376 1677 1435 spe·-

425 1437 546 1483 fflare
566 1440 728 1485 censeo
748 1441 1000 1502 Dialogum
1017 1474 1029 1495 ,
1061 1441 1208 1503 deside
1227 1441 1448 1484 calumniis
1466 1440 1678 1503 nonfaci-

425 1504 464 1547 le
483 1504 729 1549 adhihenda.
764 1505 946 1563 Nempe
971 1516 1024 1548 ut
1049 1505 1092 1549 se
1116 1505 1320 1548 muniret
1343 1505 1389 1548 in
1406 1505 1534 1560 illos,
1557 1505 1675 1563 qui,

418 1567 555 1627 Caffiz'
577 1568 705 1613 causa
723 1567 990 1630 profligata,
1011 1569 1194 1613 Luciani
1215 1569 1363 1624 illam,
1385 1585 1531 1627 quam
1549 1568 1676 1625 dixi,

425 1631 703 1677 sententiam
733 1649 790 1677 ex
809 1633 929 1676 illius
948 1632 1208 1677 Hermotimo
1236 1631 1530 1695 collegissent.
1560 1632 1676 1678 Ani-

423 1712 562 1741 mum
581 1708 704 1742 certe
734 1698 816 1742 fibi
836 1697 1042 1757 conscium
1062 1697 1153 1757 ipsa
1180 1697 1255 1742 illa
1273 1697 1420 1760 arguit
1437 1698 1644 1760 Apologia
1659 1731 1675 1754 ‚

424 1776 547 1820 quae
567 1761 768 1806 versatur
783 1762 831 1805 in
849 1762 1170 1822 unive7salibus,
1191 1777 1277 1806 nec
1290 1763 1351 1806 ad
1370 1762 1517 1822 causae
1532 1762 1674 1806 meri-

422 1836 529 1869 tum
560 1826 747 1885 penitus
778 1825 1144 1870 examinandum
1175 1825 1425 1870 descendit.
1457 1825 1529 1870 Sic
1565 1842 1675 1889 ergo

422 1889 505 1934 illo
525 1890 622 1948 ipso
642 1907 748 1935 anno
763 1924 776 1946 ,
797 1906 896 1949 quo
917 1889 1086 1935 defecit
1108 1890 1289 1951 Caſjius,
1319 1890 1675 1936 Hermotimum

421 1953 642 2014 scripserit
656 1956 898 2001 Lucianus,
921 1970 1197 2013 annumque
1222 1954 1338 1999 adeo
1363 1955 1504 2017 egerit
1526 1955 1672 2011 vitae,

422 2018 521 2078 ipso
546 2019 681 2075 teste,
700 2020 1077 2081 quadragefimum.
1103 2019 1267 2079 Itaque
1287 2019 1576 2078 postmortem
1602 2020 1674 2063 Ve-

422 2085 488 2131 ri,
522 2084 660 2128 media
708 2084 837 2128 hieme
875 2084 960 2142 169
1005 2100 1131 2128 aerae
1165 2083 1339 2128 nostrae
1384 2083 1673 2145 Christianae,

420 2163 532 2192 curn
555 2148 598 2191 T
594 2149 840 2192 ribunitz'am
858 2149 1103 2211 potestatem
1121 2148 1191 2193 IX
1206 2148 1395 2192 haberet
1413 2149 1505 2208 ipse
1530 2148 1564 2192 V
1563 2165 1670 2192 erus.

422 2212 482 2257 Et
501 2225 659 2257 tamen
689 2225 785 2257 ante
805 2228 983 2256 aunum
1012 2228 1092 2273 173
1114 2247 1125 2268 ‚
1157 2212 1187 2257 s1
1206 2213 1346 2257 Marci
1371 2229 1510 2276 gener
1533 2211 1673 2257 fuerit

417 2277 721 2339 Pompeianus,
751 2293 894 2336 quem
913 2277 1209 2339 insequentem
1235 2293 1413 2321 annum
1437 2276 1536 2322 Cos.
1557 2276 1674 2321 desl-

418 2342 591 2403 gnabat
606 2342 803 2388 Marcus,
823 2357 933 2385 cum
957 2341 1015 2385 de
1038 2341 1165 2385 Caffii
1182 2341 1310 2386 causa
1327 2352 1547 2404 ageretur.
1574 2340 1666 2386 Sed

420 2406 533 2449 alius
566 2404 704 2450 fuerit
734 2417 930 2465 oportet.
965 2405 1085 2449 Nam
1113 2404 1227 2450 Coff.
1250 2407 1356 2450 anni
1386 2419 1432 2458 17
1444 2423 1471 2463 5
1499 2404 1668 2450 defecit

420 2469 608 2525 Caffius,
629 2486 760 2524 cum,
781 2482 913 2514 metu
939 2469 1080 2530 C'cffi,
1104 2472 1235 2514 Roma
1253 2469 1540 2515 arcefferetur
1556 2468 1670 2514 Com·

419 2534 563 2580 modus
576 2534 636 2579 ad
652 2535 815 2582 virilem
831 2547 974 2597 togam
986 2534 1035 2580 in
1049 2535 1179 2580 limite
1195 2534 1529 2595 recipiendam:
1558 2549 1668 2578 cum
