1737 3378
306 225 391 270 IN
446 226 1060 273 PROMETHEUM.
1226 231 1315 293 463

108 315 182 352 bad.
197 314 221 352 I.
265 343 273 353 .
289 311 493 352 ΚονΣὺλους
511 313 729 365 ἐνέτριψαν)
753 315 843 353 Hoc
862 314 1071 354 admodum
1090 315 1326 367 ignominio-

55 365 136 406 sum
160 368 200 407 δι
222 325 342 406 (ξτνίε
360 368 473 406 etiam
495 368 564 406 vix
589 367 807 414 ferendum,
821 381 897 420 qua
916 370 961 407 de
986 382 1027 407 re
1045 371 1197 422 egregia
1214 382 1326 410 notat

54 420 82 459 1.
99 420 251 460 Tollius
268 421 314 459 ad
334 421 497 473 Longin.
518 435 555 474 p.
573 436 661 473 232.
689 421 911 472 Quomodo
929 421 1105 461 differant
1124 423 1325 462 κονδύλους

51 474 223 524 ἑντρίβειν
243 473 437 525 (κόνὲυλον
451 475 623 526 ἑντρίβειν
642 475 756 524 μάλα
774 479 917 526 στερεὸν
931 476 1031 528 apud
1046 476 1253 516 Aelianum
1271 479 1324 517 est

50 527 104 565 V.
121 528 170 566 H.
185 527 301 573 XIII,
323 527 394 580 38)
417 527 458 566 &
483 531 591 566 κατὰ
615 528 744 579 κὸῥρης
768 528 1003 576 ’ποι-τάττειν,
1026 542 1142 568 nemo
1170 531 1325 582 ignorat

54 581 175 634 paulo
190 581 362 634 peritior.
379 582 488 622 Haec
500 581 723 620 Atticorum
739 580 811 620 usu
830 591 1028 621 teruntur:
1046 584 1090 621 ad
1104 597 1219 635 quem
1237 597 1327 623 cen-

57 633 139 673 sum
155 635 223 673 vix
243 633 376 674 referri
393 635 480 675 licet
495 635 721 681 κονδυλίζειν
739 634 780 673 &
801 634 983 687 ῥαπίζειν.
998 636 1080 675 Ἐπὶ
1095 638 1223 688 κὸῤῥης
1244 655 1326 678 ’,τα-

50 687 198 739 τέιξοις,
217 689 425 740 itidemque
444 686 633 729 ἀλλήλους
654 688 959 741 ἐπιῤῥαπὶζοντες
977 689 1194 742 Alciphron
1212 691 1328 731 habet

54 740 131 786 III,
155 755 193 794 p.
223 742 310 795 368.
335 741 405 790 κᾶν
430 742 494 781 ἐπὶ
519 742 645 795 κόῥριις
666 757 708 781 σε
724 742 889 794 πατάξῃ
914 743 975 782 τὶς
998 743 1133 783 Liban.
1155 744 1262 791 Τ.Ι,
1286 760 1322 798 p.

53 795 132 846 238
149 795 200 834 D.
221 795 323 835 Vide
337 796 571 848 Harpocrat.
590 798 628 835 in
645 796 727 834 Ἐπὶ
744 796 882 848 κὸῤῥης.
903 798 1066 836 ΗΕΜςτ.

107 852 182 888 ead.
194 850 219 888 l.
240 863 254 887 1
269 862 299 901 5.
315 847 428 887 Τοῦτο
447 873 490 879 -
507 848 618 902 ἕχον)
633 850 806 889 Iudicent
821 851 897 889 alil.
913 863 990 903 ego
1003 850 1134 889 τούτου
1154 873 1199 881 -
1212 850 1327 903 ἔχον-

53 916 118 941 τος
140 901 323 954 scriptum
345 901 455 942 fuisse
478 905 654 943 arbitror.
677 904 835 943 SOLAN.
861 903 979 942 Τοῦτο
997 928 1041 934 -
1058 905 1149 958 ἔχον
1164 908 1327 946 omnino

52 956 315 996 retinendum:
342 956 435 996 haec
456 957 654 997 absolutae
671 957 883 997 stru&urae
895 957 1043 1005 forma,
1063 972 1141 1012 qua
1156 962 1329 999 nomina-

54 1010 162 1049 tivus
182 1011 343 1062 genitivi
360 1010 495 1051 'locum
522 1023 651 1058 tenet,
676 1012 822 1065 oppido
849 1011 1044 1052 familiaris
1070 1012 1124 1052 est
1148 1012 1329 1054 Graecis:

54 1062 166 1116 saepe
179 1075 311 1104 tamen
332 1064 473 1104 faElum
485 1097 496 1114 ‚
514 1076 558 1105 ut
570 1067 610 1105 in
631 1066 738 1104 illum
754 1064 867 1104 usum
878 1097 889 1114 ‚
904 1076 1089 1119 tanquam
1105 1066 1305 1120 scopulum
1317 1099 1330 1114 ,

54 1118 193 1157 eruditi
208 1119 281 1157 viri
293 1119 532 1171 impegerint.
544 1120 662 1172 Apud
675 1120 829 1158 Suidam
842 1120 880 1158 in
892 1117 1098 1172 Εὐρύβατος
1113 1122 1213 1160 male
1228 1121 1330 1161 solli-

55 1171 148 1211 citat
162 1171 364 1218 Kusterus,
378 1173 584 1226 itidemque
599 1175 637 1212 in
650 1173 930 1219 Ἱάστώνευσις,
940 1174 1086 1213 tametfi
1101 1179 1328 1229 ceteroquin

56 1239 146 1265 eum
160 1226 253 1265 haec
270 1227 452 1279 loquendi
469 1227 711 1267 consuetudo
733 1240 812 1267 non
832 1227 1000 1280 fugeret,
1020 1242 1063 1267 ut
1077 1227 1164 1267 satis
1179 1230 1330 1268 conflat

54 1292 105 1318 ex
126 1280 189 1327 iis,
205 1292 306 1333 quae
326 1283 478 1320 monuit
500 1281 547 1320 ad
566 1295 604 1320 v.
619 1283 884 1331 Σολοικισμὶνς,
903 1282 943 1320 &
959 1282 1005 1320 ad
1020 1282 1216 1335 Aristoph.
1233 1283 1332 1323 Plur.

56 1346 95 1372 v.
113 1347 201 1384 277.
217 1334 498 1374 Revocandam
519 1334 657 1375 censeo
672 1335 877 1374 leffionem
890 1334 975 1374 Mff.
993 1336 1032 1374 in
1048 1336 1238 1377 Strabone
1250 1337 1309 1376 VI
1320 1370 1333 1387 ,

57 1401 96 1440 p.
116 1402 192 1441 397
214 1387 267 1426 D.
283 1385 532 1438 εὐνομηὸέντες
556 1403 629 1442 pro
650 1385 922 1440 εὗνομηθέντας.
944 1390 1029 1428 Hac
1053 1391 1099 1429 de
1121 1403 1162 1429 re
1181 1391 1332 1431 iamdu-

49 1442 149 1480 «dum
174 1443 370 1495 praecepit
384 1442 413 1482 Ι.
433 1443 600 1496 Scaliger
622 1442 763 1496 Castig.
780 1445 820 1482 in
835 1445 1023 1497 Hippocr.
1045 1445 1091 1484 de
1110 1444 1274 1485 Vulner.
1292 1460 1330 1499 p.

61 1508 122 1547 32'.
142 1496 243 1535 Vide
263 1493 395 1535 Davis.
422 1498 468 1535 ad
494 1497 618 1537 Clem.
637 1498 707 1550 Ep.
731 1499 768 1545 l,
791 1510 826 1536 c.
853 1512 894 1535 11
912 1529 924 1545 ,
949 1498 989 1536 ἃ
1013 1511 1113 1550 quae
1134 1500 1269 1538 notavi
1286 1501 1335 1540 ad

52 1549 259 1601 Halcyon.
278 1550 293 1598 ἕ
311 1550 346 1588 3.
371 1551 456 1590 Καθ’
473 1550 643 1604 ὁπότερον
663 1550 859 1591 manifeste
875 1551 1050 1591 firmatur
1069 1565 1118 1591 ex
1141 1553 1335 1606 sequenti·

52 1603 140 1642 bus.
164 1605 330 1643 HEMST.

113 1658 149 1695 in
173 1658 288 1697 schol.
303 1658 365 1697 col.
388 1672 422 1697 ι.
440 1659 464 1697 l.
486 1672 516 1697 1.
542 1658 746 1713 xbva'mof)
772 1659 901 1706 Haec,
917 1673 1016 1712 quae
1035 1660 1195 1700 totidem
1214 1675 1337 1714 paene

60 1711 192 1751 verbis
211 1711 395 1764 leguntur
412 1713 450 1750 in
463 1713 709 1765 Etymologo
722 1745 732 1761 ,
748 1713 834 1752 inde
850 1714 1077 1766 corrigenda
1099 1714 1205 1755 sunt:
1229 1719 1337 1768 παρὰ

60 1781 98 1805 v.
116 1780 149 1803 κ.
166 1776 203 1804 τ.
223 1765 263 1805 ἒ.
280 1764 382 1805 οἱονεὶ
403 1766 596 1807 κάνδυλον
613 1778 695 1806 tum
710 1798 721 1814 ,
747 1769 765 1807 ij
781 1767 957 1807 κένέυλὸς
969 1783 1028 1807 τις
1044 1768 1089 1808 ἂν
1108 1769 1160 1808 εἰς
1180 1771 1231 1807 τὰ
1247 1773 1337 1809 κενὰ

55 1818 238 1869 δυόμενες
263 1819 356 1859 δια
377 1833 480 1873 quae
503 1821 634 1861 itidem
662 1822 700 1860 in
721 1821 814 1861 Exc.
838 1821 888 1861 G.
914 1822 1052 1861 reffius
1077 1824 1336 1876 ponebantur.

57 1872 281 1914 Restituere
295 1873 403 1914 facile
414 1886 496 1914 erat
506 1906 519 1921 ,
532 1874 560 1914 si
579 1876 663 1928 quis
677 1876 795 1914 modo
811 1876 857 1914 ad
870 1875 1092 1916 futiliffimas
1104 1876 1338 1917 Grammati-

56 1927 243 1968 -culorum
257 1928 531 1981 originationes
550 1930 772 1969 attenderet.
790 1930 955 1969 Hmsr.

118 1982 210 2035 Pag.
235 1996 323 2033 147.
347 1984 372 2022 l.
399 1996 431 2021 1.
453 1982 667 2036 Ὁπότερον)
685 1984 760 2023 Pro
776 1984 846 2022 hac
861 1997 1095 2037 voce,quae
1110 1985 1148 2023 in
1167 1985 1207 2024 P.
1221 1985 1263 2025 &
1277 1985 1335 2025 ed.

58 2036 93 2074 1.
113 2035 274 2088 legitur,
291 2036 462 2090 reliquae
479 2037 620 2077 habent
640 2038 657 2076 ὃ
681 2038 869 2091 πρότερον,
889 2039 998 2090 quod
1019 2041 1145 2078 minus
1168 2041 1337 2092 probum

59 2089 199 2129 visum.
221 2090 381 2130 SoLAN.

121 2146 194 2183 ead.
206 2145 231 2183 l.
248 2159 281 2184 ⁶.
295 2142 440 2184 Αὐτοὺς
449 2142 525 2197 ’γῆν
538 2144 668 2184 ἄλλως
682 2146 795 2185 ’όντας
811 2146 887 2199 ἀν.)
904 2145 1126 2186 Commode
1138 2148 1347 2199 interpres,

66 2172 277 2251 AdscripfiJt
294 2208 424 2238 tamen
444 2208 553 2251 pater
564 2229 577 2245 ,
591 2197 719 2239 αὐτοῖς
730 2197 790 2252 γὶἶ
792 2215 807 2237 ν
820 2198 951 2239 ἄλλως
964 2195 1077 2240 οὖσαν
1091 2203 1197 2255 ἀνέρ’)
1207 2217 1340 2241 αστον.

69 2251 216 2292 GRON.
233 2252 546 2292 Condonandum
565 2252 619 2292 est
631 2254 734 2301 aliis,
748 2253 774 2292 sl
789 2253 890 2294 forte
905 2255 1030 2294 minus
1042 2267 1155 2295 acute
1165 2257 1318 2295 videant
1329 2288 1341 2305 ,

71 2306 141 2345 ubi
151 2307 211 2346 vir
222 2305 560 2360 perspicaciffimus
572 2307 601 2346 Ι.
610 2307 670 2346 Fr.
681 2306 915 2347 Gronovius
926 2308 1125 2348 haesitavit
1153 2311 1344 2362 Equidem

72 2360 221 2400 nullum
234 2361 296 2400 hic
308 2361 439 2400 alibris
450 2360 653 2400 subsidium
663 2361 850 2401 defidero:
864 2361 891 2400 s1
902 2362 1080 2403 homines
1090 2377 1168 2403 non
1180 2363 1343 2404 finxiffet

73 2413 326 2454 Prometheus
338 2445 351 2462 ,
366 2415 499 2468 utique
515 2412 703 2455 manfiffet
717 2416 778 2455 illa
796 2418 954 2455 materia
967 2448 978 2465 ‚
993 2431 1041 2457 ex
1063 2431 1140 2470 qua
1158 2417 1244 2457 sunt
1264 2418 1342 2458 for=

77 2469 193 2514 mati,
207 2466 400 2522 ’γνῖᾶλλως
412 2469 666 2522 &rimato-705,
679 2469 827 2523 ipsique
840 2471 938 2510 adeo
953 2471 1128 2511 homines
1141 2471 1218 2512 fine
1233 2484 1346 2513 motu

78 2532 222 2566 temere
238 2523 430 2572 iacerent,
442 2523 535 2564 nihil
556 2523 658 2567 aliud
676 2537 794 2578 quam
809 2525 935 2566 lutum
950 2527 1045 2567 rude
1064 2528 1251 2581 omnique
1267 2526 1347 2567 for-
