1737 3378
407 218 500 282 3ss
611 210 1489 262 ANNoTATIONEs

404 308 441 345 in
461 316 563 343 antra
573 307 799 355 praedonum,
817 301 950 342 similia
971 315 1055 343 non
1078 313 1206 355 pauca
1219 301 1345 344 facete
1359 315 1605 358 pernumerat
1618 305 1694 347 Ar:

399 359 499 398 nob.
522 358 607 404 VI,
622 372 659 411 p.
688 371 780 408 207,
807 357 882 396 208
899 359 975 397 &c.
995 357 1164 396 HEMsT.

459 415 533 451 ead.
558 412 582 452 l.
607 412 645 451 8.
665 414 732 451 Τόν
758 411 865 464 νεὼν)
892 411 947 450 V.
974 410 1109 451 Iustin.
1140 409 1261 460 XXI,
1284 426 1329 465 3,
1361 411 1404 451 δι
1428 412 1626 463 XXXIX,
1653 421 1694 454 2.

405 466 508 506 Plut.
527 466 582 506 V.
606 465 685 520 839
708 465 755 506 C.
787 466 844 505 ed.
865 466 919 505 St.
939 463 1098 504 SOLAN.

461 523 536 559 ead.
557 521 580 559 l.
605 535 642 574 9.
671 517 948 572 Ὀλυμπιάσιν)
972 518 1033 558 Eo
1064 528 1230 557 accentu
1255 517 1483 573 plerumque
1501 519 1694 561 scribitur:

407 574 645 629 Κεχρημένος
666 573 840 625 πρότερον
863 572 1125 622 Ὀλυμπιάσιν
1147 571 1306 611 Aristot.
1327 573 1443 612 Rhet.
1462 573 1518 623 ΙΙ,
1538 588 1575 628 p.
1603 574 1694 615 106.

408 628 543 680 δρόμον
559 629 830 681 &ymmo-3⁶21
852 627 1115 676 Ὀλυμπιάσιν
1141 623 1317 666 Demetr.
1339 627 1424 679 περὶ
1446 627 1570 679 Ἕρμς
1599 642 1687 681 191.

407 681 477 722 τοῦ
497 684 692 736 γενομένου
712 680 859 733 ἀγῶνος
879 681 1122 730 Ὀλυμπιάσι
1146 679 1333 732 Apollon.
1355 682 1402 720 de
1423 681 1536 732 Synt.
1554 681 1631 730 ΙΙΙ,
1652 696 1693 733 p.

409 751 502 788 249.
518 736 637 789 Apud
650 734 957 774 Demosthenem
974 747 1103 774 autem
1116 733 1298 774 adversus
1309 735 1480 775 Theocr.
1493 750 1529 788 p.
1548 737 1625 788 659
1638 734 1694 776 D.

410 791 651 840 Ὀλυμπιάσι
677 786 834 828 νικήσας
856 787 1011 828 παῖδας
1035 787 1198 827 στάδιον
1218 787 1490 828 consideranda
1517 789 1572 830 est
1595 790 1696 843 opti·

411 847 464 884 mi
478 845 639 885 Codicis
651 842 867 893 Augustani
883 842 998 883 lectio
1010 872 1021 888 ‚
1034 841 1235 892 Ὀλύμπια,
1248 842 1419 883 νικήσεις.
1437 843 1697 897 Quamquam

410 899 614 951 vulgarem
631 896 835 936 leftionem
851 906 1006 936 tueatur
1018 895 1177 937 Isocrat.
1192 896 1238 934 de
1255 896 1337 948 Big.
1351 911 1387 949 p.
1405 911 1475 949 351
1493 897 1540 937 C.
1554 899 1700 948 Ὀλυμ.

411 955 550 993 πιάσιν
566 952 712 991 ἐνίκησε
725 982 737 997 ,
760 951 802 990 &
824 963 899 1004 357
916 950 959 990 B.
978 963 1053 1003 pro
1078 947 1335 1003 vetustissimis
1353 961 1483 990 tamen
1508 952 1699 991 membra-

413 1008 471 1046 nis
494 1005 587 1045 facit
609 1006 812 1059 Antipater
835 1004 957 1043 Anth.
984 1003 1027 1050 Ι,
1057 1016 1089 1044 c.
1119 1018 1134 1043 1
1150 1034 1160 1049 ,
1190 1002 1263 1056 Ep.
1289 1018 1327 1058 5:
1349 1027 1395 1034 —
1422 1004 1564 1058 ἀνέρας
1591 1003 1698 1046 ἧνίκοι

414 1062 579 1114 Πυγμῆν
598 1060 701 1099 ἐνίκα,
716 1058 880 1108 Νικοφῶν
899 1057 1110 1108 Ὀλύμπια·
1130 1057 1173 1097 8(
1187 1057 1402 1098 Simonides
1421 1059 1490 1112 Ep.
1506 1059 1530 1097 8
1541 1091 1552 1109 ‚
1568 1059 1609 1098 &
1622 1059 1702 1099 Lu-

414 1115 549 1155 cianus
572 1113 673 1153 infra
701 1117 723 1164 §
751 1128 812 1167 53.
839 1113 993 1152 Verum
1018 1112 1058 1151 in
1081 1111 1349 1164 Aristophanis
1383 1113 1474 1164 Lys.
1497 1126 1537 1152 v.
1567 1127 1700 1167 1133,

413 1167 690 1219 Ὀλυμπιᾶσιν,
709 1167 744 1206 ἐν
768 1167 932 1213 Πύλαις,
961 1164 1084 1206 Πυθοῖ·
1108 1166 1177 1206 ubi
1200 1166 1287 1206 sane
1315 1167 1450 1207 versus
1479 1167 1585 1211 ratio,
1605 1180 1700 1220 pro-

416 1224 508 1263 duci
540 1222 728 1274 syllabam
759 1221 868 1261 istam
902 1220 1096 1269 postulat:
1128 1231 1265 1260 contra
1296 1220 1336 1260 in
1359 1220 1477 1274 Vesp.
1501 1235 1542 1261 v.
1572 1234 1701 1274 1375,

415 1276 654 1327 Ὀλυμπιάσι
675 1277 755 1329 72⁶?
777 1272 862 1316 ›ivin'
884 1274 1046 1327 ἐθεώρουν
1067 1274 1161 1327 ἐγὼ,
1184 1275 1231 1313 ad
1252 1286 1418 1314 metrum
1445 1275 1600 1329 perinde
1619 1276 1701 1322 est,

416 1345 491 1385 pro
516 1330 626 1370 brevi
651 1331 810 1378 habeas,
835 1342 883 1368 an
897 1329 1035 1382 longa:
1057 1327 1118 1368 sed
1142 1328 1366 1369 Scholiastes
1387 1330 1498 1383 plane
1514 1330 1701 1384 praecipit

416 1384 657 1434 Ὀλυμπίασι
670 1414 682 1429 ,
705 1383 813 1423 secus
832 1396 949 1436 atque
970 1385 1045 1423 hoc
1066 1382 1104 1421 in
1125 1382 1218 1422 loco
1245 1383 1497 1438 plurimisque
1519 1383 1600 1423 aliis
1622 1384 1700 1424 edi-

419 1449 506 1479 tur:
528 1438 580 1478 fic
597 1438 700 1477 enim
722 1437 797 1485 ille,
826 1434 882 1476 νῦν
897 1435 1236 1489 προπαροξύνεται·
1261 1437 1425 1491 λέγεται
1443 1440 1529 1491 ’γὰρ
1541 1438 1624 1491 περὶ
1636 1436 1702 1477 τό·

419 1506 507 1532 που·
527 1492 718 1532 rationem
734 1490 845 1530 affert
861 1520 871 1537 ‚
894 1501 979 1530 tum
1003 1491 1346 1543 προπερισπᾶσὲται
1358 1522 1371 1540 ,
1386 1493 1548 1546 quando
1556 1491 1702 1544 Olym-

419 1547 549 1601 piades
567 1544 848 1599 significantur:
870 1546 1024 1598 ’γίνεται
1045 1547 1126 1598 γὰρ
1147 1548 1190 1583 τό
1205 1545 1275 1595 μὲν
1293 1547 1372 1586 ἀπὶ
1394 1544 1460 1585 τοῦ
1477 1547 1703 1597 Ὀλυμπίοις

420 1602 594 1653 (voluit,
607 1600 745 1646 credo,
764 1599 977 1649 Ὀλυμπία,
989 1599 1059 1639 nisi
1078 1597 1285 1639 secundum
1301 1599 1431 1640 casum
1447 1599 1704 1641 ostendendae

422 1655 668 1696 formationis
681 1667 777 1707 ergo
790 1654 929 1708 ponat)
945 1657 987 1692 τό
998 1653 1044 1693 δὲ
1058 1654 1138 1692 ἀπὸ
1150 1653 1218 1692 τοῦ
1233 1655 1471 1705 Ὀλυμπιὰς,
1483 1654 1704 1706 Ὀλυμπιεῖ-

422 1726 475 1750 σι.
500 1710 680 1764 Sequitur
701 1710 803 1749 aliud
824 1721 873 1748 ex
900 1708 1169 1749 Grammatico
1190 1707 1319 1749 nescio
1341 1722 1424 1763 quo
1449 1720 1704 1763 excerptum,

421 1765 556 1818 quod,
579 1776 623 1804 ut
640 1765 680 1803 in
698 1763 774 1803 istis
789 1763 954 1804 scholiis
978 1762 1255 1817 saepenumero
1276 1762 1340 1811 fit,
1361 1764 1438 1804 huc
1455 1764 1703 1804 addiderunt:

423 1819 493 1858 καὶ
516 1819 576 1858 ὅτι
602 1820 657 1858 τὰ
679 1817 731 1857 εἰς
757 1833 768 1857 ι
791 1816 967 1870 λήγοντα.
991 1817 1064 1857 τῶν
1095 1817 1356 1870 ἐπιῤῥημέιτων
1381 1817 1494 1870 ζητεῖ
1516 1820 1577 1859 τὶν
1602 1817 1705 1871 πρῶ-

423 1888 488 1912 τον
518 1871 587 1912 τοῦ
613 1872 793 1922 ὀνόματος
817 1874 928 1912 τόνον·
958 1867 1302 1922 οὖνᾨΟλυμπιὲις,
1329 1870 1566 1922 Ὀλυμπιᾶσι
1596 1872 1704 1925 (hoc

424 1928 591 1968 omnino
617 1940 706 1966 cum
727 1926 900 1966 instituto
916 1925 1171 1966 Grammatici
1196 1936 1360 1979 pugnat:
1385 1926 1615 1979 legendum,
1639 1927 1704 1966 ’0-

423 1980 593 2031 λυμπιάι,
617 1981 875 2031 Ὀλυμπίασι·
896 1979 965 2020 nisi
988 1980 1097 2020 malis
1118 1979 1375 2030 Ὀλυμπίαθι,
1394 1993 1511 2034 quam
1533 1979 1702 2021 formam

425 2036 630 2076 annotavit
653 2034 827 2087 Etymol.
849 2048 885 2087 p.
906 2048 978 2085 25,
994 2048 1036 2074 v.
1066 2034 1137 2083 16,
1158 2045 1201 2073 ut
1225 2034 1402 2087 proxima
1419 2034 1507 2075 sane
1520 2035 1704 2075 videntur

423 2088 604 2142 suadere)
626 2089 729 2129 πλὴν
750 2088 824 2128 τῶν
847 2088 918 2128 διὰ,
937 2086 1006 2126 τοῦ
1029 2088 1113 2128 σθεν·
1140 2086 1260 2127 ἐκεῖνοι
1283 2090 1363 2142 ’γὰρ
1387 2086 1604 2140 ἐνήλλαξεν.
1618 2086 1704 2138 οἷον,

425 2141 568 2190 ἰ’ππος,
595 2143 760 2183 ἱππόθεν·
790 2143 1046 2194 σεσημείωται
1070 2146 1112 2181 τό
1141 2142 1288 2182 οἴκοθεν.
1326 2142 1424 2182 Illud
1447 2142 1624 2191 ἱππόθεν,
1651 2155 1706 2184 ne

425 2211 543 2251 quem
558 2197 698 2245 alium,
713 2211 798 2252 quo
811 2198 932 2237 modo
948 2209 1010 2236 me
1029 2197 1117 2246 diu,
1137 2196 1277 2236 habeat
1293 2197 1528 2245 exercitum,
1547 2197 1600 2237 est
1613 2198 1704 2237 Ho-

427 2253 522 2292 meri
537 2251 614 2292 Od.
630 2258 662 2291 Θ
675 2283 686 2300 ,
713 2266 801 2304 515.
826 2253 991 2291 Veteres
1013 2252 1143 2305 itaque
1163 2262 1300 2290 tonum
1318 2262 1561 2291 retraxerunt
1576 2252 1617 2291 in
1631 2264 1703 2291 an-

424 2307 731 2360 tepenultimam.
771 2305 873 2345 Vide
905 2319 1025 2359 porro
1061 2303 1382 2346 accuratiffimum
1411 2304 1619 2346 Dukerum
1652 2304 1702 2346 ad

425 2361 646 2413 Thucydid.
674 2359 796 2408 VIII,
823 2374 887 2412 92.
920 2361 1083 2401 HEMST.

480 2419 555 2456 ead.
575 2417 599 2454 I.
631 2429 686 2455 to.
706 2414 938 2454 Ἀναστῆσαι
961 2414 1047 2454 τοὺς
1064 2412 1194 2466 κύνας)
1216 2412 1359 2453 Nullus
1378 2412 1439 2453 hic
1460 2413 1615 2454 Barlaei
1637 2425 1702 2454 ca-

425 2469 543 2509 nibus
564 2468 736 2522 οἰκουροῖς
750 2470 862 2508 locus
880 2469 952 2508 est:
972 2467 1278 2521 vigilaciffimum
1302 2468 1441 2507 animal
1466 2469 1512 2507 ad
1533 2467 1702 2520 templo·
1736 2477 1737 2483 ¹

424 2538 512 2565 rum
528 2523 740 2564 custodiam
756 2534 906 2564 veteres
926 2523 1170 2563 adhibebant.
1195 2521 1346 2562 Aetnae
1362 2523 1400 2562 in
1420 2521 1589 2562 Vulcani
1605 2533 1701 2561 tem-
