1737 3378
428 235 521 271 CVI
651 219 744 266 10.
791 217 1092 264 MATTH.
1146 215 1498 263 GESNERI

424 328 500 365 loca
522 326 570 362 ita
595 324 697 368 laxe,
719 323 770 361 uti
789 322 886 366 dixi,
909 322 1099 374 designata,
1123 335 1162 358 ea
1175 318 1389 371 praesertim,
1411 321 1469 358 ubi
1480 329 1676 371 argumenta

426 380 466 416 V
463 379 693 416 iclorianarum
706 377 962 414 annotationum
974 404 986 420 ‚
1000 376 1037 412 id
1048 375 1090 427 est
1100 402 1110 420 ,
1129 375 1228 412 verba
1241 402 1254 418 ,
1273 374 1322 410 ad
1338 388 1421 424 quae
1435 373 1512 411 illae
1529 371 1676 423 referun-

421 442 495 476 tur,
518 445 585 469 non
609 433 685 467 reae
697 431 855 468 dicuntur
872 429 981 480 posita
993 457 1005 474 ‚
1028 429 1066 466 de
1087 428 1209 479 quibus
1226 426 1315 464 nihil
1323 428 1390 476 nisi
1399 427 1460 465 hoc
1477 427 1581 464 dicere
1591 425 1673 478 pos-

416 483 520 535 sum,
538 483 672 536 secutos
686 499 747 522 nos
765 482 828 535 effe
849 483 1007 521 rationem
1025 482 1134 528 lianc,
1151 493 1189 519 ut
1207 481 1486 519 annotationibus
1508 492 1674 531 tanquam

423 537 545 576 titulos
558 539 631 589 five
651 538 774 575 indices
783 537 1079 588 praemittet-emus,
1093 536 1191 572 verba
1207 536 1256 572 ad
1271 549 1355 586 quae
1375 532 1574 583 referuntur,
1586 548 1676 586 qua-

422 591 474 630 lia
488 589 599 642 supra
619 592 655 628 in
675 590 747 643 ipso
770 600 924 629 contexto
940 588 1145 641 scriptorum
1161 588 1245 639 fiant
1263 586 1431 639 exprqffiz:
1451 589 1500 624 ita
1511 599 1621 625 tamen
1634 598 1676 625 ut

412 646 454 698 fi
469 645 525 683 vel
537 646 570 682 V
570 646 703 682 iflorius
714 674 726 690 ,
747 644 803 682 vel
817 643 1000 681 Pontedera
1011 671 1023 687 ,
1046 642 1101 679 vel
1123 643 1235 686 alius,
1256 643 1339 693 quid
1354 642 1551 679 mutandum
1568 639 1679 692 cense-

420 711 488 745 ret,
500 699 588 736 illud
607 713 650 736 ex
668 699 679 735 i
698 697 743 749 sa
757 698 973 736 annotatione
987 695 1082 733 intell
1086 697 1126 747 ²gi
1144 694 1236 746 fiztis
1248 694 1364 747 poffit.
1390 696 1462 732 Fac
1481 705 1591 732 autem
1611 695 1677 743 bis,

422 763 485 799 ter,
506 765 634 804 quater,
652 712 808 803 ssefflus,
822 750 955 802 aliquid
972 749 1027 787 lzic
1035 762 1206 802 peccatum
1221 748 1282 800 cſjl¹
1293 779 1306 794 ‚
1325 750 1415 800 quod
1427 749 1574 786 nondum
1584 749 1678 801 equi-

422 807 495 844 dem
517 806 731 856 deprehendi:
754 807 974 843 humanorum
1000 804 1168 841 hominum
1191 814 1284 847 erat,
1310 814 1350 841 ut
1374 816 1448 840 cum
1469 813 1519 840 tot
1540 816 1563 839 a
1581 802 1678 841 nobis

423 860 718 898 commoditatibus
739 860 852 896 autlos
866 856 906 908 se
921 855 1102 906 sentirent,
1121 868 1160 894 ut
1176 871 1244 894 non
1263 856 1331 894 iam
1350 869 1409 906 per
1419 855 1534 906 plures
1546 883 1560 900 ,
1580 871 1676 895 raros

422 913 546 951 bonam
566 924 696 965 partem
707 942 718 959 ‚
741 913 840 950 libros
854 909 1100 962 discurrendum
1120 909 1215 960 efflet,
1231 921 1295 947 aut
1309 908 1521 947 bibliothecae
1538 907 1675 957 Italiae,

423 966 539 1019 Belgii
549 995 561 1011 ‚
577 966 735 1014 Galliae,
755 965 954 1003 Germaniae
968 965 1137 1002 adeundae
1145 977 1161 1010 ‚-
1184 963 1252 1000 vici
1278 978 1322 1001 un
1335 962 1467 1014 aliquid
1475 961 1570 1000 nohis
1581 961 1679 1013 igno-

417 1019 572 1071 scerent,
592 1019 740 1058 homines
762 1018 822 1070 effe
842 1029 911 1057 tum
933 1033 1018 1062 nos,
1040 1030 1108 1055 tum
1132 1020 1342 1065 correblores,
1365 1015 1400 1054 δ’
1417 1017 1680 1069 typographicas

424 1087 560 1126 operas,
576 1073 777 1124 cogitarent,
794 1087 856 1124 pro
872 1070 1013 1110 millenis
1025 1068 1281 1120 κατορθώμασι
1294 1083 1396 1108 unum
1410 1070 1504 1108 nobis
1519 1069 1678 1109 alterum-

424 1141 487 1179 que
507 1127 692 1165 humanum
706 1141 840 1165 errorem
851 1126 925 1176 fine
934 1123 1065 1176 scutica
1077 1123 1342 1174 tranfinitterent.
1359 1123 1488 1174 Ingrati
1500 1123 1584 1162 enim
1599 1137 1679 1174 pro-

415 1179 506 1232 fit‘lo
531 1180 636 1218 animi
653 1181 695 1230 esl
721 1180 755 1218 δ’
776 1180 874 1218 nimis
895 1178 1021 1224 iciuni,
1041 1179 1090 1216 uti
1104 1178 1245 1216 aliorum
1266 1177 1456 1223 laboribus,
1478 1177 1678 1230 ingeniisque

423 1236 505 1273 dum
526 1228 727 1273 commodum
746 1235 808 1283 eft,
822 1231 990 1283 sexcentis
1007 1232 1082 1270 inde
1103 1232 1136 1269 in
1156 1229 1308 1284 singulos
1330 1245 1431 1283 prope
1451 1231 1519 1269 dies
1537 1245 1680 1276 commo-

422 1286 686 1337 ditatibusfrui:
707 1287 742 1325 6²
756 1282 895 1332 'de-inde,
915 1286 970 1325 ubi
992 1284 1095 1337 firnel
1112 1297 1174 1323 aut
1193 1285 1369 1337 aliquoties
1383 1285 1596 1336 caespitatum
1613 1286 1680 1337 est,

423 1342 582 1387 clamare,
594 1335 752 1393 flagella,
767 1341 935 1393 stimulos,
943 1338 1042 1390 faces
1062 1340 1232 1377 verborum
1254 1339 1417 1388 expedire,
1429 1338 1589 1392 stigmata
1602 1338 1681 1377 inu-

422 1410 490 1436 rere
505 1395 691 1434 hominibus
705 1395 825 1447 optime
840 1393 973 1432 meritis.
990 1395 1098 1432 Redeo
1111 1395 1159 1431 ad
1169 1393 1203 1429 E
1201 1392 1353 1445 pistolanz
1368 1393 1582 1432 Pontederae.
1596 1393 1683 1432 Non

423 1450 531 1500 aufim
553 1449 770 1499 confirmare,
785 1448 887 1500 plane
903 1447 988 1485 niliil
1003 1446 1064 1498 effi
1084 1447 1119 1484 in
1140 1446 1204 1483 hac
1217 1445 1371 1498 Epistola
1392 1447 1484 1486 veri:
1497 1444 1682 1499 supersunt

423 1503 532 1549 enim,
556 1517 639 1554 quae
660 1504 808 1541 nondum
837 1500 983 1539 invenire
1000 1501 1118 1552 potui:
1140 1498 1253 1550 fateor
1274 1499 1405 1551 aliquot
1427 1501 1509 1540 locis
1529 1499 1683 1552 omiffum

376 1583 379 1586 -
423 1555 510 1607 effe,
538 1571 614 1594 cum
641 1570 699 1608 ego
726 1554 909 1606 Gottingae
931 1554 999 1592 iam
1025 1553 1144 1604 eff’nz,
1169 1553 1289 1591 ultima
1312 1554 1419 1607 operis
1443 1555 1679 1594 excuderentur

424 1610 583 1661 Lipfiae,
606 1624 722 1647 nomcn
746 1609 966 1648 Pontederae:
986 1606 1051 1658 sed
1068 1607 1110 1645 iis
1131 1607 1167 1645 in
1186 1607 1290 1653 locis,
1314 1621 1398 1659 quae
1416 1609 1472 1647 vel
1489 1607 1547 1658 sui
1568 1611 1681 1647 auito-
1716 1647 1717 1650 ,

423 1664 472 1703 ris
500 1663 605 1701 alium
626 1664 812 1701 cltszrablera
834 1662 987 1700 haberent
997 1691 1011 1707 ‚
1032 1661 1087 1699 vel
1111 1677 1126 1698 e
1148 1661 1268 1711 quibus
1291 1662 1400 1707 nihil,
1415 1662 1451 1713 fi
1472 1662 1596 1714 reliqua
1615 1661 1681 1701 viri

422 1719 541 1755 decora
545 1716 690 1768 spectes,
710 1717 772 1768 ipsi
787 1717 954 1763 decedere3
967 1730 1086 1766 parum
1103 1714 1183 1753 mihi
1191 1744 1205 1761 ,
1220 1716 1405 1754 addendum
1420 1715 1504 1754 enim
1518 1716 1581 1754 hoc
1593 1731 1678 1767 quo-

423 1785 486 1823 que
511 1771 572 1821 est,
596 1772 764 1815 accedere,
780 1771 817 1820 st
834 1769 910 1821 quis
931 1769 1010 1808 milti
1036 1769 1180 1816 tribuat,
1201 1769 1308 1820 pollit.
1339 1770 1394 1807 Ut
1412 1769 1497 1808 enim
1515 1769 1546 1807 is
1566 1771 1609 1823 est
1626 1769 1681 1810 vir

421 1823 622 1876 dob't‘iffimus
633 1854 645 1871 ‚
667 1840 706 1862 ea
722 1823 816 1862 illius
829 1823 864 1861 in
879 1823 931 1861 lzis
943 1822 1048 1861 literis
1059 1824 1187 1875 exstant
1205 1824 1320 1860 decora
1330 1853 1342 1869 ,
1359 1837 1442 1875 quae
1457 1823 1586 1862 nullam
1597 1838 1678 1877 pro-

416 1876 506 1929 ftHo
526 1877 686 1916 iaHurarn
703 1876 878 1928 sentiant,
888 1878 926 1927 st
942 1877 1072 1929 aliquot
1090 1876 1234 1915 minutae
1250 1877 1549 1916 annotatiunculae
1561 1891 1681 1930 opera-

422 1947 497 1971 rum
515 1931 834 1984 typograpliicarum
849 1930 950 1983 culpa
971 1930 1100 1970 nominc
1116 1930 1217 1982 ipsius
1230 1944 1387 1969 careant:
1411 1931 1461 1969 ita
1482 1947 1531 1969 me
1550 1947 1618 1970 non
1629 1932 1681 1971 ita

422 1986 582 2024 abieflum
602 1985 637 2022 δ’
654 1985 814 2038 ignavum
829 1985 991 2023 hominem
1009 1996 1095 2022 terra
1114 1984 1277 2035 protulit,
1295 1996 1334 2022 ut
1351 1985 1448 2023 velim
1463 1983 1526 2023 illa
1545 1987 1679 2037 aerugi-

424 2055 466 2078 ne
486 2041 523 2077 de
549 2039 756 2077 Pontederae
777 2037 943 2089 thesauris
965 2038 1084 2076 detrita
1104 2038 1260 2090 ditescere.
1277 2040 1381 2077 -Nam
1401 2040 1494 2091 quod
1512 2039 1680 2087 obiicitur,

423 2091 563 2132 Nostra
587 2091 636 2144 (i.
661 2093 861 2131 Pontederae
882 2091 1085 2144 observata)
1110 2100 1153 2131 ut
1173 2091 1296 2130 abdita
1317 2091 1457 2140 essent,
1483 2105 1609 2145 neque
1623 2093 1682 2133 lu-

422 2159 530 2192 cem,
557 2145 584 2184 fi
609 2144 692 2186 fieri
717 2145 861 2198 posset,
888 2144 1120 2197 aspicerent,
1142 2157 1218 2198 qua
1245 2146 1374 2197 potuit
1397 2146 1591 2198 diligentia
1612 2160 1681 2187 cu-

420 2201 535 2239 ravit.
557 2201 646 2239 Huc
663 2210 778 2252 atque
799 2198 890 2238 illuc
908 2198 1073 2249 dispersit
1087 2198 1278 2238 inhonora
1299 2211 1413 2251 atque
1436 2198 1682 2248 abscondidit,

424 2254 514 2293 illud
535 2269 660 2293 movere
675 2269 748 2293 eum
760 2251 852 2304 fhrte
869 2254 971 2304 potes}
983 2282 996 2299 ‚
1007 2253 1044 2304 fi
1062 2253 1135 2305 quis
1155 2267 1239 2304 opus
1262 2254 1348 2291 illud
1363 2268 1535 2305 nunquam
1554 2255 1590 2293 in
1609 2269 1682 2293 ma-

423 2323 489 2346 nus
498 2307 628 2359 sumfit.
656 2309 752 2346 Nam
773 2307 867 2346 ceteri
887 2307 1022 2351 vident,
1041 2321 1102 2344 nos
1117 2307 1250 2358 ficutos
1271 2306 1331 2357 effi:
1353 2322 1472 2346 rnorem
1491 2307 1569 2346 olim
1592 2323 1681 2347 rece·
1702 2352 1706 2356 ⁵

418 2373 542 2415 ptum,
556 2362 632 2411 sitis
652 2361 734 2401 locis
748 2360 922 2399 adiiciendi
941 2360 1189 2408 annotationes,
1208 2361 1384 2413 unicuique
1396 2354 1609 2401 ann'otationi
1618 2377 1681 2401 no-
1700 2363 1702 2365 ’

422 2431 496 2454 men
540 2415 575 2452 ui
595 2415 738 2454 aufloris
751 2445 761 2461 ,
783 2414 884 2452 literis
903 2415 1032 2466 quidem
1053 2414 1244 2463 maiusculis
1265 2414 1300 2452 δ’
1319 2412 1518 2464 ferientibus
1545 2411 1692 2464 oculos,'

422 2468 626 2520 adscribendi
636 2484 653 2516 ,-
674 2469 738 2519 nisi
762 2470 854 2520 quod
873 2468 1001 2518 nostras
1020 2482 1056 2505 eo
1080 2466 1152 2519 ipso
1168 2466 1259 2518 satis
1272 2469 1429 2519 fignatas
1446 2470 1652 2520 putabamus
1665 2499 1678 2517 ,

414 2525 454 2576 fi
468 2523 598 2563 nullum
619 2538 736 2563 nomen
756 2521 955 2576 adscriptum
979 2521 1145 2562 haberent.
1179 2523 1260 2574 Qua
1279 2522 1314 2561 in
1339 2537 1372 2562 re
1394 2522 1562 2575 molestum
1582 2523 1698 2564 nobis
