1737 3378
384 239 482 286 474
561 220 894 268 ANNOTAT.
921 222 992 267 IN
1022 220 1498 268 PROMETHEUM.

382 314 446 350 ‘thr
459 312 568 349 notvbv
581 307 789 362 εὐεργέτην.
803 308 893 348 Vid.
905 308 1115 360 Pherecyd.
1128 309 1228 362 apud
1241 308 1369 349 Schol.
1385 309 1516 364 Apoll.
1528 308 1662 352 Rhod.

388 363 437 401 ad
452 363 525 410 IV,
544 363 655 416 1396.
670 364 834 402 HEMST.
996 392 1000 401 .

442 417 478 454 in
493 417 611 456 Schol.
625 418 686 456 col.
706 431 736 455 1.
753 418 776 455 l.
797 431 810 455 1
820 446 828 455 .
838 415 1048 468 Ὡμοίωσο)
1066 415 1274 469 Corrupte.
1288 416 1446 457 SOLAN.
1460 416 1590 457 Credo
1605 416 1660 456 le-

388 470 555 522 gendum
579 469 759 518 ὠφέλησε·
782 471 859 509 hoc
870 470 995 509 verbo
1014 469 1269 510 Grammatici
1294 471 1504 523 plurimum
1525 471 1582 510 uti
1601 470 1663 510 so-

387 524 468 562 lent
483 525 529 563 ad
545 524 706 564 alterum
722 525 1002 577 explicandum.
1023 525 1134 577 Legit
1155 536 1310 573 autem,
1330 525 1456 577 legere
1479 523 1608 564 saltem
1623 523 1662 564 se
1695 522 1698 525 ’

390 579 565 630 putavit,
580 580 694 617 ὃνησο.
713 579 880 618 ΗεΜετ.
1600 614 1611 620 -

444 633 523 670 ibid.
539 633 602 671 col.
622 647 656 671 2.
675 633 698 670 l.
719 646 750 670 1.
768 632 867 684 Τοῖς)
883 630 952 670 Τῆς
963 630 1065 671 ῑεὲὶε
1080 630 1252 684 reposuit
1268 630 1446 670 solanus.
1463 631 1631 671 HEMST.
1699 650 1709 658 ‚,

445 686 536 738 Pag.
557 687 642 738 156.
657 687 680 724 l.
697 686 734 725 6.
747 685 816 724 Tim
829 685 954 737 Θέτιν)
968 685 1070 724 Cum
1086 686 1257 738 Iuppiter
1269 686 1443 724 Thetidis
1457 698 1590 724 amore
1603 698 1664 725 ca·

390 750 481 791 ptus
494 753 657 779 uxorem
670 753 756 778 eam
769 740 908 780 ducere
919 739 1049 784 vellet,
1062 739 1314 779 Prometheus
1326 739 1548 778 futurorum
1561 752 1664 791 prae-

389 791 491 832 scius
510 807 531 832 a
551 794 694 846 nuptiis
708 793 891 833 eiusmodi
908 806 1142 845 magnopere
1162 807 1251 832 eum
1275 794 1480 840 deterruit,
1497 792 1603 846 quod
1620 794 1661 832 in

389 845 479 886 fatis
497 847 572 886 effe
598 848 766 893 diceret,
791 848 1014 901 quicunque
1039 859 1088 886 ex
1108 847 1271 886 Thetide
1291 846 1531 894 nasceretur,
1552 856 1663 900 patre

391 900 464 940 suo
489 902 676 940 maiorem
702 900 798 940 fore.
824 902 982 940 Memor
1005 901 1134 952 itaque
1160 901 1334 954 luppiter
1360 901 1444 940 eius
1468 899 1664 953 exempli,

392 955 499 1013 quod
513 953 588 1008 ipse
603 955 640 994 in
656 966 800 1008 patrem
818 955 925 995 suum
943 954 1123 1002 ediderat,
1145 953 1384 1006 veritusque,
1397 967 1444 994 ne
1460 953 1627 994 fimiliter
1641 967 1663 994 a

391 1009 475 1047 hlio
497 1009 543 1047 de
562 1009 659 1049 coeli
684 1008 909 1062 pofl'effione
930 1008 1195 1061 depelleretur,
1212 1021 1234 1047 a
1254 1009 1425 1048 Thetidis
1440 1009 1580 1061 nuptiis
1594 1007 1664 1047 ab·

392 1061 546 1110 ssinuit3
568 1076 796 1116 memorque
811 1062 1009 1110 beneficii,
1027 1063 1133 1115 quod
1154 1063 1193 1101 in
1209 1061 1245 1102 se
1258 1062 1510 1102 Prometheus
1523 1073 1665 1102 contu-

391 1116 509 1165 lerat,
528 1117 738 1156 Herculem
761 1117 806 1156 ad
827 1116 1040 1157 Caucasum
1065 1117 1199 1164 mittit,
1219 1117 1309 1169 qui,
1332 1114 1531 1155 interfecta
1553 1116 1664 1168 aqui-

390 1170 429 1208 la
442 1200 452 1216 ,
472 1171 746 1210 Prometheum
761 1170 1234 1211 vinculisliberavit.Vide
1250 1170 1358 1222 plura
1373 1170 1472 1221 apud
1484 1169 1662 1209 Servium

392 1225 440 1263 ad
457 1225 547 1264 illud
562 1225 715 1278 Virgilii
739 1225 914 1271 Ecl.v1,
935 1224 1186 1277 Cauc.1seasque
1209 1224 1306 1275 refert
1328 1222 1664 1274 volucres,fimum-

391 1294 454 1330 que
472 1279 682 1318 Promethei:
702 1280 741 1318 ἃ
757 1281 793 1318 in
809 1279 883 1332 seq.
899 1279 998 1317 Dial.
1016 1279 1082 1317 ubi
1099 1279 1360 1322 liberationem
1378 1277 1598 1317 Promethei
1617 1276 1664 1316 ad

392 1332 615 1372 Vulcanum
631 1332 758 1372 refert.
782 1333 925 1372 Fabula
944 1332 1063 1371 exstat
1085 1333 1186 1386 apud
1205 1332 1349 1371 Pindar.
1366 1331 1494 1371 Isthm.
1511 1332 1662 1383 Hymn.

395 1386 518 1432 vlu,
545 1387 732 1438 Apollon.
762 1387 892 1426 Rhod.
919 1387 1097 1426 carminis
1117 1386 1379 1439 Argonautici
1402 1386 1501 1424 libro
1524 1385 1602 1431 lV,
1621 1384 1663 1424 δε

392 1439 513 1480 Ovid.
535 1441 695 1480 Metam.
712 1441 778 1481 IX.
799 1441 946 1481 COGN.
964 1440 1088 1493 Quod
1111 1442 1316 1493 prudenter
1337 1440 1397 1480 hic
1418 1439 1554 1480 reticet
1571 1438 1665 1478 Pro-

393 1494 592 1543 metheus,
613 1495 649 1534 id
666 1494 826 1548 sequens
846 1495 990 1548 aperiet
1010 1494 1210 1547 Dialogus.
1230 1493 1387 1545 SOLAN.

449 1550 485 1587 in
499 1550 615 1588 Schol.
630 1551 692 1589 col.
711 1565 745 1589 2.
760 1551 782 1589 l.
803 1563 832 1590 1.
845 1548 1005 1601 Ἀναρεῖ)
1026 1548 1190 1601 Ἀναιρεῖ.
1211 1551 1253 1587 V.
1273 1548 1430 1587 SOLAN.
1448 1546 1582 1587 Potius
1596 1545 1664 1585 ἄν·

394 1603 537 1653 αιρῆσει
554 1617 608 1642 σε.
632 1604 758 1644 Modo
774 1603 826 1644 εἰς
850 1606 912 1644 τὸν
932 1610 980 1642 Δ.
1002 1615 1073 1656 pro
1097 1606 1187 1656 πρὸς
1207 1601 1379 1656 stribligo
1399 1600 1454 1643 est
1473 1600 1663 1642 recentio-

394 1669 493 1697 rum.
515 1658 682 1697 HEMST.
