1737 3378
300 205 405 251 IN
471 204 1012 252 TIMONEM.
1209 225 1302 274 339

21 291 89 349 plo
118 304 233 333 canes
264 291 468 332 excubasse
496 290 659 331 mirifica
681 292 844 346 quadam
872 293 1069 333 bonorum
1098 294 1302 348 improbo-

22 360 187 400 rumque
200 346 544 399 dignoscendorum
564 346 766 398 sagacitate
781 347 995 399 praeditos,
1018 348 1134 388 refert
1149 352 1301 393 Aelian.

22 401 69 440 de
91 402 224 440 Anim.
247 401 323 447 XI,
343 413 374 440 c.
394 414 426 453 3.
447 399 550 438 Idem
567 401 682 438 alium
708 400 816 438 illum
837 413 1118 441 commemorat
1147 403 1234 444 sane
1247 407 1303 444 di-

21 454 227 507 ligentem,
252 467 395 507 quem,
422 454 543 505 quia,
572 453 708 492 ceteris
734 452 1055 501 dormitantibus,
1081 456 1303 512 Aesculapii

21 508 274 548 donariorum
298 507 552 558 expilatorem
574 505 794 551 detexisset,
820 507 976 559 publico
997 509 1176 549 demenso
1202 514 1303 563 grati

23 562 275 602 Athenienses
301 570 622 605 remuneratum,
643 559 717 598 VII
733 590 746 605 ,
766 572 800 598 c.
829 574 888 612 13.
912 561 1129 614 Aliquanto
1155 565 1304 616 plenius

23 617 137 656 etiam
166 615 354 654 Plutarch.
377 615 427 654 T.
454 614 510 662 lI,
536 628 573 666 p.
600 615 678 666 969
707 613 750 652 E.
781 613 879 652 inter
907 614 1001 654 alia:
1031 615 1046 653 ὃ
1072 615 1117 655 ‹9ss
1151 622 1304 671 φρουρος

23 671 118 710 κύων
143 669 258 718 ὄνομα
284 671 505 720 Κάππαρος·
532 680 621 706 nam
649 679 793 720 operae
821 667 977 719 quidem
1004 680 1088 707 erat
1109 673 1301 722 pretium,

22 724 70 764 ad
89 722 312 763 firmandam
335 721 512 761 historiae
533 722 753 767 veritatem,
773 720 980 761 rariffimae
997 722 1137 762 bestiae
1154 737 1301 766 nomen

22 777 235 817 memoriae
253 776 433 816 mandari.
462 775 714 814 Philostratus
737 788 899 828 quoque
918 777 963 815 de
979 778 1030 816 V.
1053 777 1101 816 A.
1117 778 1166 817 T.
1184 779 1301 828 VIII,

22 843 59 871 c.
84 845 157 884 30,
184 843 298 870 canes
318 831 364 869 ad
390 828 525 869 valvas
554 829 686 881 templi
706 828 936 880 Dictynnae
962 831 1001 869 in
1027 829 1145 870 Creta
1173 833 1302 873 custo-

22 885 89 925 des
117 884 229 937 egiffe
259 895 397 923 narrat.
431 883 566 922 Nolim
598 895 718 935 porro
746 884 861 922 nimis
895 885 1078 924 virtutem
1112 885 1302 927 aestimari

22 939 209 991 Scipionis
223 952 273 978 ex
295 951 366 984 eo,
390 938 495 990 quod
509 936 750 990 Capitolium
774 937 1023 989 ingredienti,
1045 939 1154 979 velut
1173 940 1302 994 hospi-

10 994 54 1042 lti
73 992 254 1032 Deorum
283 990 474 1045 ipfiusque
501 991 608 1030 Iovis
628 991 668 1030 δε
691 990 866 1030 familiari
892 1005 1005 1032 canes
1027 1005 1229 1046 nunquam
1248 994 1303 1034 al-

26 1047 230 1086 latrarent:
256 1047 344 1085 vide
370 1045 470 1086 Gell.
497 1045 547 1085 N.
572 1045 621 1083 A.
648 1043 747 1093 Vll,
771 1059 812 1097 ι2
834 1045 880 1084 de
900 1047 987 1086 Vir.
1017 1044 1154 1087 Illustr.
1180 1061 1215 1088 c.
1236 1063 1303 1102 49.

11 1100 146 1141 :Aliud
164 1099 249 1140 sunt
263 1098 438 1150 φύλακες
454 1098 652 1146 Ἡφαίστου
666 1098 771 1137 κύνες
789 1099 930 1138 Eubuli
951 1100 1053 1154 apud
1066 1101 1208 1141 Athen.
1225 1102 1302 1152 III,

23 1168 62 1208 p.
87 1154 158 1193 108
176 1155 219 1194 B.
243 1154 283 1193 &
307 1155 383 1193 alio
406 1153 496 1193 loco
517 1153 743 1206 explicandi.
767 1152 841 1193 Sed
861 1167 943 1207 quo
962 1155 1073 1207 plura
1095 1156 1133 1193 in
1156 1169 1197 1195 re
1212 1156 1303 1197 satis

25 1210 214 1263 protrita?
241 1209 405 1247 HEMST.

80 1264 115 1301 in
130 1263 245 1302 Schol.
265 1264 327 1302 col.
356 1276 386 1300 1.
404 1260 427 1299 l.
448 1276 478 1300 2.
507 1262 563 1299 Τέι
580 1257 891 1314 ἐπιχειρήματα)
919 1260 1193 1315 Interpretatio
1212 1262 1303 1305 sane

24 1317 150 1364 mala,
174 1315 202 1355 fi
227 1316 379 1369 vulgari
400 1314 676 1368 significatione
698 1316 847 1368 capias:
875 1328 924 1354 an
944 1318 1045 1369 apud
1066 1318 1304 1358 recentiores

25 1383 197 1424 unquam
220 1383 264 1409 ea
284 1369 490 1422 potestate,
510 1382 610 1421 quae
631 1370 841 1409 conveniat
864 1369 943 1408 τοῖς
963 1372 1182 1424 ἑπιχείροις,
1208 1373 1303 1413 haec

24 1424 248 1466 vox.fuerit
274 1423 476 1477 usurpata,
503 1424 595 1461 mihi
621 1436 703 1462 non
727 1423 888 1462 constat.
916 1424 1082 1463 HEMST.

80 1479 159 1518 ibid.
181 1479 203 1517 l.
231 1491 262 1530 5.
289 1475 359 1517 Τοῦ
384 1472 440 1518 Εὖ.
467 1477 535 1530 Μ.)
559 1477 687 1517 Locus
709 1477 830 1516 exstat
852 1478 990 1517 Matth.
1011 1477 1210 1527 XXVIII,
1241 1491 1307 1530 17‚·

26 1534 82 1572 Et
102 1534 250 1572 videntes
279 1549 351 1572 eum
381 1535 637 1579 adoraverunt,
672 1529 702 1570 οἱ
728 1531 774 1569 st
806 1530 1036 1571 έέίστασαν.
1071 1532 1133 1572 Sic
1158 1533 1306 1574 habent

14 1599 162 1627 ‚omnes
187 1586 311 1626 Codd.
335 1586 522 1626 Attamen
547 1586 648 1625 Beza
672 1585 799 1625 voluit
824 1586 1019 1625 emendari
1042 1582 1152 1635 adst,
1177 1603 1303 1641 neque,

14 1651 114 1680 =tum
139 1651 298 1695 propter
324 1640 414 1680 alias
442 1641 639 1686 rationes,
665 1649 747 1678 tum
773 1639 905 1693 quod,
937 1649 980 1678 ut
1007 1641 1080 1688 ait,
1106 1654 1233 1680 rarum
1258 1641 1306 1683 sit

27 1696 190 1735 omnino
214 1695 307 1735 illud
338 1694 367 1733 οἱ
397 1694 443 1734 se
477 1694 548 1733 isto
578 1692 815 1746 significatu,
847 1693 922 1733 hoc
945 1693 1020 1740 est,
1056 1707 1129 1747 pro
1151 1696 1306 1747 quidam.

25 1749 180 1789 Verum
206 1750 247 1790 &
267 1749 317 1789 s1c
338 1748 501 1788 sumitur
523 1746 552 1787 οἱ
571 1760 603 1786 c.
623 1746 777 1794 XXIV,
801 1762 818 1801 3
835 1778 846 1795 ,
866 1757 910 1787 ut
925 1760 972 1786 ex
994 1747 1139 1788 collato
1160 1750 1305 1790 Marco

28 1814 186 1857 apparet
199 1834 210 1852 ,
223 1816 293 1843 nec
309 1803 407 1843 adeo
419 1815 549 1842 rarum
570 1801 624 1841 est
638 1801 739 1854 apud
761 1802 887 1841 bonos
903 1801 1123 1854 scriptores:
1147 1804 1189 1843 ἃ
1202 1817 1306 1857 quae

28 1859 256 1897 mutationis
278 1858 371 1897 aliae
394 1857 441 1896 ab
463 1870 512 1897 eo
534 1854 749 1895 afferuntur
778 1856 946 1895 rationes
970 1869 1108 1895 omnes
1132 1857 1171 1895 in
1192 1870 1307 1898 auras

31 1912 197 1960 abeunt,
218 1909 247 1951 fi
269 1922 492 1958 vertamus,
511 1912 648 1964 quidam
666 1925 743 1949 vero
763 1911 1027 1956 dubitaverant,
1043 1911 1099 1950 uti
1125 1911 1308 1952 observa-

29 1966 90 2005 vit
112 1967 162 2005 H.
185 1966 363 2006 Grotius.
387 1964 514 2005 CLER.
541 1963 641 2004 Usus
655 1963 710 2004 est
722 1964 798 2004 hoc
811 1963 1045 2004 Scholiastae
1064 1964 1156 2004 loco
1171 1965 1308 2007 L.Bos

29 2019 168 2061 Exere.
192 2020 285 2059 Phil.
314 2022 362 2059 ad
383 2019 524 2058 Matth.
544 2019 709 2057 HEMST.

87 2075 181 2127 Pag.
204 2088 269 2127 75.
288 2074 312 2113 l.
338 2089 370 2113 1.
393 2073 482 2113 Τοὺς
496 2072 726 2123 πλοκάμους
748 2070 1054 2126 περικειρὸμενος)
1075 2072 1198 2113 Aurei
1226 2074 1312 2128 ple-³

32 2141 199 2181 rumque
221 2128 401 2168 Deorum
430 2128 573 2173 crines,
600 2127 748 2180 quique
779 2126 876 2165 adeo
899 2125 1033 2165 furum
1057 2127 1309 2180 cupiditatem

33 2182 182 2222 irritare
200 2193 391 2233 poterant.
419 2181 493 2221 Sed
506 2182 565 2220 vis
581 2181 633 2219 est
652 2181 693 2219 in
708 2178 779 2219 isto
794 2180 1087 2232 περικειρόμενος·
1109 2181 1185 2221 hoc
1204 2183 1309 2220 enim

0 2279 1 2286 χ
33 2235 359 2288 ignominiosum,
377 2236 417 2276 Sc
439 2248 530 2275 cum
558 2247 696 2287 magna
715 2234 950 2275 contumelia
975 2234 1248 2281 coniunctum,
1264 2246 1311 2274 ut

35 2290 205 2330 dicemus
221 2291 268 2330 ad
289 2290 380 2330 Dial
408 2291 506 2329 Mer.
531 2288 637 2328 Vni.
657 2289 826 2328 meminit
848 2287 1027 2327 Erasmus
1046 2289 1084 2326 in
1101 2289 1313 2328 circumton-

0 2340 1 2349 ’
37 2346 109 2384 dere
128 2360 267 2384 comam.
289 2344 452 2384 Paulum
475 2343 603 2390 distat,
622 2343 672 2381 s1c
694 2354 824 2381 tamen
846 2351 890 2380 ut
905 2354 992 2381 cum
1008 2342 1182 2381 Luciano
1201 2356 1310 2382 com-

0 2444 2 2455 Ι
38 2398 168 2452 parari
191 2398 329 2451 poffit,
359 2398 451 2437 illud
475 2397 590 2437 Perfii
612 2396 688 2436 Sat.
708 2396 769 2442 II,
794 2395 865 2434 28:
892 2396 1020 2435 Idcirco
1032 2397 1191 2450 stolidam
1209 2411 1312 2449 preze-¹

0 2489 3 2504 ,
36 2454 92 2493 bet
118 2452 178 2490 tibi
202 2454 319 2492 vellere
345 2454 482 2492 barbam
510 2452 686 2505 Iuppiter?
715 2451 882 2490 HEMST.

35 2542 38 2546 .
91 2508 166 2546 ead.
192 2506 216 2546 l.
246 2521 281 2547 2.
310 2507 558 2560 Δεοςέιπηχυν
582 2504 777 2558 κεραυνὸν)
801 2503 926 2557 Atqui
949 2502 1154 2598 qusanias
1177 2504 1312 2548 auctet

1044 2572 1065 2597 2
