1737 3378
189 221 272 270 IN
307 194 673 270 IUDICIUM
709 221 1134 271 vocALIUM.
1222 239 1317 289 317

104 313 178 350 ead.
193 312 217 350 l.
241 325 299 350 10.
323 311 515 365 Σμύρναν)
533 311 579 351 ln
603 310 768 352 nummis
785 311 972 364 hodieque
993 309 1103 364 saepe
1121 314 1320 351 ZMTPNm

46 361 104 405 V.
127 365 330 417 Spanhem.
358 365 614 418 1163quem,
629 378 717 405 cum
739 365 830 404 haec
859 362 1100 413 observaret,
1120 365 1233 404 locus
1256 365 1319 404 hic

50 431 131 458 non
147 419 268 458 latuit.
287 419 444 458 somn.

105 476 179 511 ead.
202 473 226 510 l.
258 486 316 511 ιι.
338 471 394 520 Τῷ
421 469 493 524 ξῦ)
520 472 604 511 Nos
622 471 744 523 vulgo
769 470 821 508 Xi
845 483 1054 518 vocamus,
1082 484 1168 510 cum
1192 483 1321 511 tamen

50 525 154 564 reete
173 540 250 571 mu,
269 525 308 564 δι
329 540 376 563 nu
395 523 610 564 efferamus.
626 527 770 569 Vides,
793 524 882 575 quid
902 523 990 562 usus
1008 523 1132 563 faciat.
1159 525 1318 564 SOLAN.

51 578 217 624 Atticis,
238 579 278 618 &
300 578 451 631 quidem
471 577 557 617 solis
570 607 581 622 ,
605 577 657 617 est
677 578 874 631 proprium
892 576 954 628 ξὺν
975 576 1136 616 scribere
1151 592 1222 629 pro
1238 578 1321 617 σύν·

50 644 187 672 verum
208 632 271 671 illa
290 631 422 671 literae
444 632 660 671 mutatione
683 643 762 670 non
784 642 907 682 aeque
924 643 1061 670 omnes
1082 631 1225 678 Attici,
1248 644 1319 671 nec

50 685 91 724 in
111 685 235 724 iisdem
258 696 422 725 utuntur
442 685 655 724 vocabulis.
681 684 767 736 Qui
786 695 958 723 veterem
989 684 1147 723 ’meisa
1167 684 1321 724 secutus

49 738 105 778 est
131 739 401 790 Thucydides,
428 738 582 790 singulis
608 738 890 791 propemodum
924 737 1035 776 habet
1060 739 1205 791 paginis
1236 738 1321 789 ξὺν,

51 791 297 844 ξυμβάλλειν,
323 792 587 844 {unlazo-3001,
612 792 845 845 ξύμμαχος,
871 790 1039 843 ξυμφορὰ
1065 793 1143 831 &c.
1170 791 1321 830 Aristo·

80 846 194 886 hanes
215 847 330 885 etiam
354 846 429 885 hoc
448 847 573 886 multo
599 846 858 898 frequentius,
880 858 998 898 quam
1026 845 1189 885 alterum
1214 845 1320 884 illud.

50 859 95 940 i’n
117 899 275 939 Platone
295 911 448 946 autem,
469 899 732 939 Demosthene
756 910 873 951 atque
897 898 1000 946 aliis,
1021 899 1088 951 qui
1110 912 1255 939 novam
1277 899 1320 938 δε

51 954 262 993 emollitam
282 955 437 992 Atticae
454 953 600 993 dialec‘ii
619 953 783 992 formam
807 951 1034 1005 usurparunt
1046 984 1057 1001 ,
1075 963 1223 993 tantum
1240 965 1322 992 non

50 1005 198 1060 semper
222 1007 324 1059 legas
345 1010 532 1054 συνιέναι,
557 1006 823 1052 συντίθεσθαι,
844 1005 1059 1057 σύμμαχος
1082 1007 1155 1047 &c.
1181 1007 1227 1046 In
1249 1006 1322 1046 So-

52 1061 181 1113 phistis
200 1061 479 1101 recentioribus
498 1072 604 1100 tanta
619 1071 776 1114 apparet
794 1060 832 1098 in
851 1069 1056 1112 utramque
1069 1071 1216 1113 partem
1233 1059 1323 1100 scri-

51 1115 165 1154 bendi
190 1114 407 1161 diversitas,
436 1126 480 1154 ut
501 1116 608 1154 'certa
630 1114 819 1167 quaedam
845 1114 932 1152 iniri
962 1114 1060 1153 ratio
1084 1127 1165 1153 non
1196 1114 1323 1167 poffit.

51 1167 243 1208 Credibile
263 1169 416 1221 quidem
435 1169 509 1216 est,
527 1169 566 1206 in
586 1167 659 1207 istis
681 1168 784 1207 haud
806 1165 894 1206 sane
919 1169 1045 1219 magni
1069 1169 1257 1207 momenti
1277 1170 1322 1208 li-

51 1221 202 1262 brarios
227 1236 248 1261 a
273 1235 365 1261 vera
387 1221 616 1275 scriptorum
643 1234 762 1260 manu
788 1219 937 1274 saepius
964 1221 1171 1261 aberraffe:
1194 1222 1254 1261 sed
1274 1224 1321 1262 de

0 1290 1 1306 1
52 1276 284 1328 Thucydide
304 1275 477 1316 dubitare
499 1288 570 1314 nos
586 1276 802 1320 Lucianus,
823 1276 886 1314 cui
911 1275 1126 1327 principum
1152 1275 1322 1316 Critico-

52 1342 139 1369 rum
160 1329 449 1370 observationes
475 1329 621 1381 legendi
649 1328 719 1368 fuit
742 1329 880 1380 copia,
903 1341 983 1367 non
1003 1329 1157 1381 patitur.
1180 1329 1323 1381 Quan-

53 1383 261 1436 doquidem
282 1396 382 1423 vero
405 1383 574 1437 asperior
594 1382 646 1422 est
665 1381 731 1421 τοῦ
753 1381 808 1421 ’Ξῦ
834 1383 1127 1436 pronuntiatio,
1148 1396 1228 1422 non
1253 1384 1323 1422 ab·

52 1436 162 1477 surde
175 1438 338 1478 coniecit
356 1436 558 1477 Salmafius
572 1436 617 1476 de
629 1437 670 1475 L.
683 1437 734 1475 H.
751 1450 787 1490 p.
807 1451 853 1489 43
863 1451 902 1485 2,
919 1449 940 1474 a
953 1436 1126 1475 barbaris
1140 1437 1180 1476 ἃ
1193 1437 1322 1476 Thra·

52 1492 184 1540 cibus,
203 1493 272 1545 qui
302 1492 471 1531 Atticam
497 1491 589 1529 olim
619 1490 888 1536 incoluerunt,
913 1489 1214 1543 frequentiorem
1233 1491 1323 1531 lite-

52 1558 119 1585 rae
143 1546 308 1585 durioris
335 1544 446 1584 usum
479 1544 702 1584 remanfiffe.
722 1543 906 1583 Versatur
933 1544 971 1581 in
995 1543 1218 1584 illustrando
1243 1545 1321 1585 hoc

54 1599 212 1639 Luciani
225 1599 315 1639 loco
336 1600 377 1639 δι
396 1599 621 1652 quibusdam
637 1598 823 1651 proximis
841 1598 892 1636 H.
906 1596 1120 1650 Stephanus
1135 1599 1264 1639 Anim.
1280 1600 1323 1639 in

52 1652 188 1693 Ioann.
212 1653 387 1694 Gramm.
415 1667 451 1705 p.
479 1665 536 1703 13.
558 1653 721 1691 HEMST.

107 1710 181 1746 ead.
201 1708 224 1746 l.
248 1721 308 1756 14.
329 1706 526 1759 Mussp‘a‘vx5)
544 1707 695 1748 Notant
720 1705 866 1745 Moeris
884 1704 1002 1745 Attic.
1027 1706 1170 1745 Thom.
1195 1706 1324 1760 Magi-

55 1760 130 1802 ster
152 1761 194 1801 δι
215 1760 460 1813 Moschopul.
477 1761 558 1812 περὶ
575 1759 742 1812 Σχεὸὦν
756 1773 839 1812 pag.
863 1773 948 1807 140.
963 1760 1062 1799 Vide
1076 1761 1125 1799 H.
1142 1760 1321 1813 Stephan.

54 1815 188 1855 Anim.
209 1815 256 1854 ad
274 1815 411 1854 Ioann.
430 1814 604 1854 Gramm.
623 1814 664 1853 δε
683 1813 862 1853 Corinth.
879 1827 914 1866 p.
935 1813 1001 1860 16,
1030 1828 1087 1866 55.
1109 1813 1153 1852 In
1174 1814 1324 1854 Aristo·

55 1869 180 1923 phane
204 1867 350 1922 semper
371 1868 543 1922 Μυρρἱναι
565 1867 802 1907 scribuntur:
826 1880 913 1906 nam
940 1869 1045 1919 quod
1070 1869 1109 1907 in
1132 1867 1259 1921 Equit.
1281 1883 1323 1911 v.

60 1936 108 1977 59
127 1923 302 1976 stupa-ivm,
326 1922 368 1962 δι
398 1937 438 1961 v.
472 1936 550 1971 447
570 1921 644 1961 Τῶν
669 1921 836 1974 Βυρσίνης
862 1919 929 1960 τῆς
951 1920 1116 1968 Ἱππίου,
1139 1922 1245 1974 quast
1271 1936 1322 1963 ex

54 1977 233 2028 μυρσίνῃ,
249 1976 396 2016 ridiculi
417 1975 529 2016 causa
549 1975 700 2023 fictum,
720 1986 763 2014 ut
787 1975 884 2014 bene
907 1973 1034 2014 Schol.
1057 1975 1255 2028 exposuit,
1274 1977 1321 2016 ad

55 2030 214 2070 Cleonis
234 2029 432 2083 opificium
455 2030 497 2069 δι
515 2029 650 2082 βύρσαν
672 2028 835 2082 specht,
858 2029 896 2067 in
918 2042 999 2081 quo
1021 2030 1174 2082 quidem
1195 2043 1323 2070 voca-

55 2084 153 2124 bulo
170 2084 286 2124 licere
301 2083 368 2123 fibi
381 2084 629 2123 mutationem
641 2084 741 2122 illam
756 2083 872 2121 Attici
886 2083 1107 2123 noluerunt.
1123 2084 1186 2122 Ad
1201 2084 1324 2136 poste-

56 2139 202 2178 riorem
218 2151 315 2178 vero
331 2138 485 2178 Comici
498 2138 626 2176 locum
643 2136 858 2183 referenda,
872 2149 973 2188 quae
984 2149 1166 2177 notantur
1181 2138 1227 2176 ab
1242 2138 1323 2178 He-

56 2190 194 2244 sychio
208 2192 250 2231 in
265 2192 441 2244 Βυρσίνης.
456 2191 572 2244 Apud
587 2190 862 2241 Thucydidem
877 2191 1025 2241 saepius
1039 2191 1114 2243 legi
1128 2190 1264 2242 θάρσος
1280 2193 1322 2232 &

58 2246 229 2298 θαρσεῖν,
248 2259 368 2299 quam
391 2246 526 2298 ῧάρῥος
549 2245 590 2284 δι
608 2244 772 2297 ἓαῤῥεῑν,
794 2243 975 2283 observat
994 2244 1039 2284 C.
1063 2247 1113 2285 A.
1136 2244 1324 2284 Dukerus

58 2300 108 2339 ad
122 2301 178 2346 V,
193 2314 231 2348 4.
249 2300 413 2339 HEMST.

115 2354 207 2406 Pag.
226 2353 289 2392 68.
308 2354 333 2392 l.
350 2369 386 2402 4.
409 2350 546 2404 Μικροῧ
559 2351 656 2405 δεῖν)
677 2351 753 2390 Vel
775 2351 840 2390 uoti
855 2365 898 2401 μ.
922 2350 1010 2390 θεῖν·
1030 2351 1094 2390 vel
1112 2366 1154 2401 μ.
1172 2351 1198 2390 ὃ
1202 2351 1216 2390 ὲ
1232 2351 1323 2391 δεῖν,

60 2405 167 2446 Prius
188 2406 242 2446 ob
264 2407 435 2447 crebram
459 2407 625 2446 voculae
648 2405 911 2458 repetitionem
928 2436 938 2452 ‚
964 2406 1125 2444 alterum
1146 2406 1198 2445 ob
1223 2405 1324 2444 fimi-

61 2459 258 2500 litudinem
279 2460 447 2513 syllabae
467 2460 656 2513 sequentis
677 2460 850 2499 excidere
879 2459 989 2498 facile
1011 2460 1160 2512 potuit:
1188 2460 1326 2498 alteru-

61 2523 166 2556 trum
190 2524 291 2556 certe
318 2515 366 2555 ad
391 2527 535 2556 nexum
563 2514 750 2555 orationis
776 2513 1077 2558 continuandum
1107 2514 1327 2567 requiritur.
