1737 3378
346 230 968 280 PRAEFATIO.
1118 245 1291 284 :Lxxnt

38 341 135 387 leret,
157 338 196 379 id
212 341 303 393 quod
309 340 456 391 fideliter
466 369 481 386 ,
501 350 663 392 quantum
687 339 723 376 in
744 353 792 376 me
806 336 883 388 ficit
895 366 906 383 ,
926 335 1100 390 praestiti,
1123 350 1223 390 atque
1240 339 1292 377 ita

38 395 180 448 quinque
206 409 369 433 annorum
385 394 500 445 spatio
522 408 606 444 opus
630 394 679 429 ad
691 393 797 442 finem
808 391 964 442 perduxi.
993 392 1119 429 Omnia
1143 393 1227 430 enim
1244 394 1293 431 ad

36 448 183 486 Luciani
204 463 322 500 corpus
342 446 542 500 pertinentia
561 445 654 497 typis
673 445 742 481 iam
762 444 922 495 descripta
943 443 1039 494 fuere
1063 447 1163 496 mense
1188 448 1292 486 Ocio-

33 501 85 540 ὄντ’
100 517 184 553 ¹742
196 517 212 549 ,·
225 502 291 553 Jea'
308 501 439 539 Indices
452 500 652 550 complures,
671 498 792 549 quibus*
803 498 928 548 priores
942 500 1013 534 edd.
1031 501 1208 544 carebant,
1225 502 1291 538 ad·

36 555 192 604 iiciendi,
211 570 334 594 novam
356 554 488 592 iniecere
508 551 700 605 properanti
717 565 860 598 moram,
882 563 981 602 atque
1000 550 1146 602 effecere,
1166 564 1204 590 ut
1221 569 1292 592 non

29 609 132 661 prius
151 609 323 662 publicari
337 606 518 657 potuerint.

87 662 162 701 Iam
189 663 306 714 quihus
323 661 428 711 copiis
451 660 648 712 instruatis,
673 656 707 695 ἃ
724 659 888 709 quomodo
906 656 949 694 iis
975 656 1054 708 usus
1072 655 1197 708 fuerim
1207 687 1221 704 ,
1239 660 1290 698 B.

31 715 76 754 L.
95 716 218 766 accipe.
246 715 425 753 Editiones
443 713 589 752 Luciani
616 712 755 749 adhibui
775 710 943 762 principes
959 710 1071 761 hasce.
1099 710 1291 750 Florenti-

31 780 121 807 nam
141 769 287 821 primam
307 768 451 806 omnium
465 797 479 812 ‚
500 766 583 804 anni
608 770 700 815 1496
711 795 722 813 ‚
753 764 940 809 Graecam,
961 764 996 801 in
1012 764 1130 814 fhrma
1152 767 1291 805 maiore.

31 823 133 861 Haec
160 824 222 873 etfi
245 823 288 860 ab
320 820 573 874 typographicis
600 819 694 856 vitiis
718 833 784 856 non
814 819 857 872 est
879 818 1060 864 immunis,
1084 817 1120 856 in
1143 820 1289 870 vestigiis

30 887 142 914 tamen
165 875 295 927 priscae
319 876 463 913 leaionis
474 872 654 926 servandis
674 885 805 910 tantum
832 872 923 910 alias
938 872 1129 924 praecellit,
1154 886 1195 910 ut
1222 875 1288 912 Co-

30 929 115 968 dicis
134 929 366 980 Manuscripti
389 929 491 966 vicem
509 928 672 979 praestare
691 937 800 979 queat.
830 926 938 964 Hanc
954 925 1031 963 licet
1052 925 1213 965 Solanus
1233 938 1288 965 to-

29 995 101 1022 tam
125 984 320 1028 contulerit,
354 998 413 1035 ego
439 995 549 1020 tamen
571 995 671 1033 aeque
695 995 737 1019 ac
759 979 903 1032 reliquas
921 980 1105 1031 saepiffime
1131 980 1284 1033 inspexi,

25 1052 70 1076 ac
90 1039 129 1075 de
147 1052 236 1076 novo
257 1036 422 1088 consului.

80 1091 288 1142 Sequebatur
311 1090 449 1128 Aldina
465 1088 599 1142 prima,
627 1087 662 1124 6³
682 1102 721 1125 ea
747 1086 902 1133 Graeca,
921 1087 1024 1138 plura
1051 1087 1177 1126 habens
1199 1089 1287 1128 vitia

25 1155 162 1197 typogr.
182 1144 217 1182 in
232 1144 348 1195 fimna
368 1144 512 1188 maiore,
537 1141 680 1180 Venetiis
704 1140 828 1191 excusa
841 1171 852 1189 ‚
866 1156 924 1179 an.
945 1158 954 1179 t
960 1155 1002 1190 50
1005 1158 1048 1193 3,
1069 1157 1169 1193 quam
1189 1155 1286 1182 uten-

25 1201 106 1236 dam
135 1198 350 1249 liberaliffme
382 1197 531 1248 concefft
567 1195 648 1233 clar.
678 1196 736 1232 W
731 1195 919 1247 effelingius
952 1196 987 1232 irz
1017 1196 1138 1234 edendo
1164 1195 1286 1237 Diod.

26 1251 159 1291 Siculo
176 1252 308 1303 strenue
337 1264 520 1302 occupatus
534 1264 550 1296 ,·
580 1249 650 1286 eius
674 1249 817 1299 margini
838 1249 1027 1300 adscriptae
1059 1261 1154 1288 erant
1180 1265 1285 1290 manu

23 1306 166 1358 antiqua
193 1306 368 1344 varietates
391 1305 589 1356 potzffi‘mum
609 1306 656 1341 ed.
672 1302 882 1341 florentinae
896 1331 908 1350 ,
919 1303 983 1352 Jed
1006 1303 1040 1340 ὅ)
1064 1303 1176 1349 aliae,
1197 1320 1285 1357 quas

21 1375 65 1398 ex
92 1361 194 1398 codd.
210 1370 383 1410 excerptas
404 1358 466 1410 effe
487 1356 601 1395 nullus
615 1356 730 1395 dubito
742 1385 752 1402 ,
773 1369 843 1394 tum
863 1357 940 1408 quia
957 1357 1179 1396 varietatibus
1194 1360 1286 1399 alio-

23 1427 96 1454 rum
119 1412 270 1452 codicum
285 1412 446 1450 interdum
471 1411 695 1457 conveniunt,
715 1423 785 1449 tum
800 1409 880 1463 quia
900 1412 1103 1462 depravatas
1116 1412 1215 1450 etiam
1235 1414 1286 1452 le-

21 1466 146 1506 Hiones
171 1467 325 1513 exhibet,
349 1465 514 1518 nusquam
542 1466 624 1503 alibi
648 1481 670 1502 a
695 1480 744 1502 me
765 1466 926 1510 detestas,
951 1467 1043 1516 quod
1066 1481 1134 1504 non
1150 1464 1284 1516 fizHum

12 1519 121 1574 ficiffe
138 1523 253 1568 credo,
261 1522 297 1571 fi
312 1521 514 1558 conice-‘lurae
527 1531 657 1556 tantum
672 1518 750 1556 illae
756 1516 874 1569 forent
888 1518 1036 1557 leblionis
1048 1521 1286 1561 emendandae.

75 1574 350 1626 Hagenoanam
372 1574 516 1624 primam
543 1572 626 1610 anni
651 1589 660 1611 ι
665 1579 733 1622 526
761 1573 810 1610 ita
833 1572 985 1618 contuli,
1003 1584 1041 1610 ut
1063 1573 1098 1610 in
1119 1575 1284 1627 corrigen-

19 1628 74 1666 dis
95 1643 269 1681 operarum
289 1629 473 1679 nostrarum
492 1626 732 1679 speciminibus
754 1627 850 1664 modo
874 1627 981 1672 hanc,
1004 1629 1101 1665 modo
1122 1628 1282 1677 alteram,

17 1696 90 1734 qua
120 1683 162 1721 cl.
199 1680 392 1722 Gesnerus
424 1682 460 1720 in
495 1680 702 1731 conficienda
737 1682 881 1731 verstone
908 1679 988 1730 usus
1020 1693 1117 1725 erat,
1151 1682 1282 1735 eiusque

10 1734 213 1788 sphalmata
235 1736 416 1788 plurimum
447 1746 657 1779 correxerat,
672 1733 782 1784 fiatre
813 1733 937 1784 optimo
964 1733 997 1770 δ’
1025 1733 1151 1786 collega
1174 1735 1203 1774 Ι.
1227 1737 1283 1776 H.

21 1789 174 1829 Reitzio
193 1791 423 1841 praelegente,
445 1792 558 1828 ducem
576 1788 752 1840 sequerer,
774 1787 919 1839 exceptis
939 1787 982 1825 iis
1002 1787 1106 1834 locis,
1128 1804 1213 1840 quae
1228 1791 1286 1828 vel

20 1858 65 1882 ex
86 1845 191 1882 Codd.
217 1844 274 1882 vel
296 1843 471 1896 manifesta
492 1857 536 1881 ex
556 1843 736 1894 neceffitate
764 1853 892 1879 mutare
919 1841 953 1879 in
969 1841 1068 1887 citui,
1095 1843 1136 1879 de
1162 1844 1284 1896 quibus

6 1895 102 1937 ¹mox
119 1897 278 1951 pluribus
304 1910 416 1948 agam.

72 1952 170 1990 Dein
190 1951 373 2004 plurimum
398 1950 544 1990 omnium
569 1949 654 2001 usus
673 1948 753 2000 sum
777 1948 931 1988 Iuntina
954 1950 1112 1995 Graeca,
1134 1952 1281 1991 Veneriis

18 2021 109 2045 anno
130 2023 140 2045 ι
144 2023 188 2058 53
192 2022 214 2056 5
239 2004 364 2055 excusa
386 2004 430 2043 II
449 2004 548 2043 tomis
575 2004 612 2041 in
630 2002 767 2054 forma,
795 2019 895 2057 quam
916 2007 1069 2042 offavam
1090 2018 1252 2046 vocamus
1268 2036 1281 2053 ,

19 2075 166 2113 quaeque
183 2059 391 2098 Florentinae
404 2074 527 2111 parum
544 2057 706 2109 inferior,
723 2058 798 2097 licet
817 2058 983 2097 interdum
1008 2058 1220 2109 interpolata.
1237 2060 1280 2100 In

18 2114 122 2153 liuius
145 2114 292 2164 margine
315 2113 478 2153 Solemus
505 2127 617 2151 omnes
645 2127 667 2149 a
682 2112 720 2163 Je
740 2112 891 2150 colleelas
915 2112 1095 2150 varietates
1121 2125 1190 2153 tam
1215 2116 1282 2154 Co-

18 2168 129 2207 dicum
158 2166 244 2219 stiffi
261 2182 361 2220 quam
380 2168 485 2214 decem
513 2166 548 2204 6³
570 2180 810 2218 nonnunquam
827 2166 978 2217 plurium
1002 2167 1205 2216 editionum,
1223 2170 1280 2208 di·

18 2221 156 2274 figenter
181 2222 216 2259 δ’
234 2221 336 2260 nitide
361 2222 635 2274 confignaverat5
657 2219 723 2271 sed
744 2221 928 2258 cr'zaraHere
946 2223 1028 2258 adeo
1058 2221 1211 2269 minuto,
1239 2236 1281 2262 111:

18 2276 123 2316 aciem
145 2276 318 2314 oculorum
345 2276 474 2313 diutius
498 2274 700 2313 inhaerentis
727 2274 855 2313 lecioris
886 2275 1110 2312 obtunderent.
1141 2277 1279 2327 Quibus

17 2341 128 2370 autem
148 2330 323 2368 Codicibus
339 2330 393 2368 ille
412 2329 497 2381 usus
513 2328 642 2380 fuerit,
669 2328 703 2365 6²
722 2344 786 2380 quo
797 2329 963 2378 scribendi
977 2331 1168 2380 compendio
1180 2331 1280 2370 iidem

2 2397 120 2436 'aeque
136 2398 178 2422 ac
199 2384 356 2423 editiones
375 2384 410 2422 in
426 2384 516 2422 notis
531 2383 564 2421 G·
585 2382 797 2421 variantibus
813 2383 1019 2420 Lectionibus
1037 2383 1203 2437 allegatae
1221 2387 1279 2423 de-

10 2440 210 2490 signentur,
235 2440 285 2475 ad
294 2439 400 2489 finem
427 2438 527 2475 huius
546 2436 774 2488 praefationis
793 2437 1024 2475 indisabimus.

72 2491 182 2529 Porro
207 2492 257 2529 ad
279 2507 400 2530 manus
421 2491 527 2530 habui
546 2489 784 2530 Bafiliensem
808 2503 978 2542 utramque
991 2521 1002 2539 ,
1022 2492 1176 2542 similiter
1193 2507 1276 2531 mere

15 2543 186 2588 Graecam
202 2574 218 2592 ,
244 2545 374 2587 duobus
403 2561 566 2598 quamque
591 2545 691 2584 tomis
713 2545 748 2583 in
763 2543 880 2596 fhrma
905 2548 1023 2587 offam
1051 2548 1247 2600 constantem
1260 2575 1276 2601 ἔ
