1737 3378
421 199 513 261 376
627 193 1495 246 ANNOTATIONES

474 285 549 323 ead.
573 284 598 322 l.
621 298 658 332 4.
678 284 724 321 Tb
743 283 883 337 τέρμα)
912 284 1145 338 Metaphora
1170 299 1192 325 a
1213 285 1444 327 cursoribus.
1469 289 1609 330 BROD.

475 340 549 376 ead.
564 338 587 375 l.
609 338 644 376 6.
660 337 839 390 Ὀνείρων)
852 338 934 377 Alii
953 336 1115 377 Codices
1136 340 1267 391 ὀρνέων.
1290 340 1428 379 BROD.
1451 339 1489 379 Ρ.
1512 342 1552 381 δι
1572 343 1629 382 ed.
1655 343 1689 383 1.

420 391 567 444 ὀνείρων,
580 390 687 443 quod
697 391 810 430 etiam
824 391 860 430 in
875 390 944 430 Ms.
955 391 1005 431 R.
1018 391 1067 432 G.
1081 393 1235 444 reperiri
1251 392 1406 433 testatur
1417 393 1552 443 Faber,
1565 396 1690 449 quod-

420 457 498 498 que
513 457 588 498 ego
604 457 738 484 verum
755 455 865 498 puto.
878 445 966 484 Vid.
979 445 1114 496 Odyss'.
1137 453 1163 483 A
1178 476 1190 493 ,
1210 460 1296 487 221.
1315 447 1474 487 SOLAN.
1489 448 1689 501 Euripides

450 498 576 538 uidem
592 498 631 536 in
647 498 849 551 Meleagro
864 498 1032 537 πλούτου
1049 497 1178 538 ὠκεῖαν
1197 498 1271 538 esse
1289 502 1464 554 πτέρυγα
1478 501 1569 540 dixit
1586 503 1689 555 apud

421 513 533 592 gtob.
548 565 582 604 p.
601 552 699 599 448,
718 550 779 591 sed
794 552 903 592 valde
917 564 1042 606 tamen
1058 552 1213 605 languet
1228 553 1383 606 vulgata
1396 554 1523 602 lectio,
1538 554 1566 594 fi
1579 568 1689 596 com-

422 616 578 658 paretur
595 605 640 644 ad
654 606 800 656 ὀνείρων,
817 607 924 657 quod
937 619 1122 659 perquam
1136 606 1295 646 venusta
1310 606 1432 660 figura
1448 607 1629 660 fignificat
1640 610 1693 649 di·

420 660 551 706 vitias,
570 659 727 712 quando
744 658 1052 711 negligentiffima
1068 659 1289 712 profusione
1303 661 1562 713 diffluxerunt,
1578 662 1687 715 quast

420 711 612 752 somnium
636 712 789 765 aliquod
811 712 1020 765 opulentae
1042 713 1228 753 felicitatis
1246 713 1554 768 praetervolass'e.
1577 715 1691 756 Ὀνεί·

422 782 502 820 ρους
515 779 674 819 quoque
688 776 837 805 veteres
853 765 923 805 alis
941 766 1222 807 instruxerunt:
1238 769 1484 820 τανυσίπτερε
1500 762 1585 808 οῧλε
1601 770 1689 809 ’ὀνει-

422 835 458 873 ρε
471 819 653 872 Orpheus
676 820 725 859 H.
750 819 812 871 85.
835 820 981 859 πτῖινος
997 820 1136 872 ’ὄνειρον
1153 820 1263 860 Basil.
1282 821 1428 862 Selene.
1444 823 1481 860 in
1495 823 1546 861 V.
1558 822 1633 863 Th.
1651 838 1687 877 p.

423 874 499 925 78,
525 875 647 925 ὀνείρου
668 871 782 920 φύσις
803 873 877 913 &c.
895 873 1114 913 ἁποσττνῖνοιι
1131 874 1252 914 πάλιν
1275 875 1433 920 ἀφανῶς.
1459 875 1520 914 Ad
1540 877 1690 928 ὀνείρους

423 926 591 966 conferri
605 926 738 972 solent,
754 939 855 979 quae
874 927 926 965 ita
939 925 1170 979 dispereunt,
1189 939 1234 967 ut
1250 929 1396 968 nullum
1419 928 1594 982 pristinae
1609 930 1690 983 pos-

421 980 592 1020 seffionis
611 993 660 1020 ne
693 979 895 1033 vestigium
916 980 1072 1033 quidem
1094 982 1322 1034 relinquant.
1346 982 1529 1044 Apollon.
1553 983 1685 1024 Rhod.

421 1035 496 1083 IV,
516 1034 588 1088 385
605 1046 614 1073 :
639 1057 683 1063 -
701 1033 801 1086 ὃερος
817 1033 864 1073 ese*
876 1048 934 1073 τοι
946 1032 1025 1074 ἶσον
1039 1035 1174 1088 ὀνείροις
1195 1037 1352 1088 Οιχοιτ’
1371 1051 1421 1076 εις
1437 1035 1550 1090 ἔρεβος
1561 1052 1686 1088 μετοι-

420 1089 551 1139 μώνιον
565 1110 626 1126 -.
641 1089 802 1127 HEMST.
1038 1134 1040 1137 ‚
1493 1129 1498 1135 ,

476 1142 554 1181 ibid.
564 1135 745 1193 Ὕσπλη)
756 1142 776 1192 ξ
789 1141 804 1194 )
821 1142 1039 1194 Allegorice
1051 1142 1143 1181 haec
1155 1142 1252 1182 dicia
1263 1156 1284 1182 a
1296 1143 1484 1184 celeritate
1497 1156 1688 1198 equorum

419 1196 461 1236 in
479 1194 596 1234 stadio
612 1195 847 1248 Olympico,
864 1209 930 1235 aut
951 1196 1031 1235 aliis
1049 1194 1192 1244 stadiis,
1212 1197 1275 1237 vel
1290 1210 1448 1244 eorum,
1464 1199 1530 1251 qui
1549 1199 1688 1251 pedum

419 1250 643 1304 pernicitate
657 1250 861 1289 certabam,
879 1250 1094 1289 ANONYM.

477 1305 551 1342 ead.
568 1304 591 1340 l.
608 1317 665 1342 100
679 1304 870 1354 Πριάσῧοιι
884 1303 1039 1357 βρόχον)
1051 1304 1112 1343 Sic
1128 1303 1204 1342 fine
1219 1303 1331 1344 huiu's
1344 1303 1496 1357 dialogi.
1510 1305 1683 1346 BOURD.

477 1361 550 1396 ead.
573 1357 596 1394 l.
624 1371 681 1396 12.
703 1356 788 1395 Ἐπὶ
807 1356 939 1396 λευκοῦ
955 1356 1035 1409 ζευ)
1054 1357 1132 1410 ους)
1148 1358 1207 1397 Sic
1222 1358 1267 1396 de
1286 1358 1454 1396 Merced.
1476 1359 1591 1398 cond.
1611 1360 1686 1399 dixi

423 1410 472 1450 ad
495 1410 650 1450 Heliod.
672 1409 748 1449 fine
771 1411 908 1462 operis.
926 1410 1099 1450 BOURD.
1125 1413 1262 1450 Horat.
1288 1411 1475 1462 Sisennas,
1498 1413 1629 1453 Barros
1649 1425 1690 1452 ut

422 1464 515 1517 equis
522 1475 744 1515 praecurreret
755 1466 851 1503 albis.
869 1465 1082 1504 ANONYm.
1097 1466 1186 1504 Hoc
1200 1466 1297 1503 inter
1311 1465 1533 1517 praecipuas
1548 1467 1687 1519 pretio-

420 1517 552 1570 sasque
575 1517 856 1570 splendidorum
875 1518 1074 1557 hominum
1096 1519 1248 1558 delicias
1270 1530 1495 1558 annumerat
1513 1520 1685 1573 inprimis

422 1571 616 1612 Lucianus
628 1602 638 1619 ‚
656 1585 734 1611 non
752 1572 1011 1621 mediocriter,
1032 1585 1074 1612 ut
1092 1572 1254 1622 videtur,
1276 1571 1343 1612 ista
1357 1571 1609 1627 descriptione
1620 1574 1686 1614 de-

420 1625 599 1666 lectatus:
614 1625 705 1665 nihil
716 1627 755 1664 in
769 1639 818 1665 eo
830 1625 1079 1679 frequentius,
1093 1640 1209 1679 quam
1220 1627 1251 1665 oi
1265 1625 1519 1677 ἐξελαύνοντες
1531 1627 1594 1668 ἐπὶ
1606 1639 1687 1667 Aah

420 1678 487 1720 κοῦ
506 1679 680 1732 ζεύγους,
704 1679 734 1719 οἱ
756 1680 1045 1731 ἐξυπτιάζοντες
1069 1680 1132 1720 ἐπὶ
1147 1692 1182 1720 λ.
1199 1681 1230 1732 ζ.
1246 1679 1685 1735 Chrysostom.7replTe-

420 1733 525 1773 λείοις
541 1734 718 1786 ἀγάπης
735 1733 864 1787 ζεῦγος
877 1732 1016 1773 λευκῶν
1032 1731 1180 1785 ἦμιόνων
1193 1733 1324 1789 χρυσῷ
1341 1735 1686 1785 καλλωπιζόμενον·

419 1800 469 1826 ex
487 1800 536 1827 eo
551 1788 711 1840 longum
729 1787 830 1828 foret
847 1787 976 1827 similia
991 1800 1208 1841 congerere.
1227 1788 1314 1829 Vid.
1331 1788 1514 1828 Bocharti
1526 1790 1684 1831 Hieroz.

418 1841 478 1888 ΙΙ,
497 1855 528 1881 c.
545 1842 618 1891 7,§
643 1856 677 1880 2.
694 1843 857 1882 HEMST.

473 1896 508 1934 in
528 1895 645 1934 Schol.
666 1898 730 1935 col.
755 1911 786 1935 1.
807 1898 830 1935 l.
862 1909 894 1935 1.
916 1899 981 1935 Τον
998 1894 1245 1948 συνέχονται)
1263 1895 1308 1936 C.
1324 1894 1381 1934 ’ὅτι
1399 1897 1504 1935 κατὰ
1516 1911 1551 1936 τ.
1567 1911 1602 1937 er.
1616 1895 1686 1937 τοῦ

417 1948 631 2002 κιγκλίὲος.
647 1949 688 1988 L.
702 1950 778 1988 τῆς.
793 1950 949 1989 SOLAN.
965 1950 1082 1990 Scribi
1094 1950 1225 1995 debet,
1244 1950 1299 1988 ὅτι
1315 1950 1380 1988 καὶ
1395 1953 1458 1990 τὶν
1470 1950 1684 2002 συνέχονται

416 2002 483 2042 τῆς
501 2018 534 2042 κ.
550 2004 623 2042 &c.
640 2003 790 2042 Editum
809 2003 878 2043 fuit
899 2004 937 2042 in
953 2003 1079 2043 Schol.
1094 2005 1161 2042 Kx}
1180 2007 1244 2042 τὶν
1259 2004 1394 2055 συνέχ.
1408 2018 1444 2042 τ.
1459 2019 1495 2042 κ.
1513 2007 1682 2057 μοχλὸν,

416 2055 482 2094 καὶ
499 2055 640 2096 delevit
661 2056 844 2102 Solanus,
865 2056 1130 2097 auetoritatem
1143 2088 1155 2105 ‚
1175 2068 1217 2096 ut
1236 2068 1355 2109 puto,
1376 2057 1499 2110 scripti
1519 2057 1604 2097 libri
1629 2057 1684 2098 se-

416 2121 545 2150 cutus:
571 2110 743 2163 alioquin
761 2111 849 2150 nihil
863 2110 938 2158 est,
955 2124 1025 2152 cur
1041 2111 1268 2150 eiiciendum
1281 2111 1468 2151 videatur.
1485 2112 1649 2152 HEMST.

468 2165 547 2202 ibid.
562 2165 585 2203 l.
605 2179 638 2217 3.
655 2164 829 2218 Λοιμνειν)
846 2165 887 2204 ld
903 2164 956 2205 est
967 2194 976 2210 ,
995 2165 1176 2205 hrain-zm:
1195 2164 1245 2204 sic
1259 2165 1393 2205 σι’τλοιν
1405 2164 1553 2205 situlam
1574 2166 1680 2218 apud

415 2218 666 2258 Trallianum.
678 2218 734 2259 Ita
748 2220 850 2259 recte
862 2219 917 2258 M.
933 2218 1076 2259 Sladus.
1091 2219 1247 2258 Retinui
1261 2215 1415 2271 ὕσπλυξ
1428 2220 1470 2260 &
1485 2216 1678 2272 ὕσπληγοι

413 2271 578 2312 formam
603 2270 787 2312 scribendi
800 2272 1022 2312 consuetam
1040 2274 1078 2311 in
1095 2271 1256 2312 vetustis
1278 2272 1399 2312 Codd.
1422 2273 1461 2313 &
1477 2273 1558 2312 edd.
1582 2274 1676 2314 Non

415 2325 522 2366 aliter
536 2327 639 2379 apud
652 2325 858 2378 Phrynich.
874 2340 909 2379 p.
931 2340 944 2364 1
954 2343 975 2366 2
986 2357 999 2372 ,
1020 2326 1059 2365 ὅ(
1073 2327 1148 2366 Th.
1161 2326 1384 2379 Magistrum
1403 2327 1440 2365 in
1453 2340 1490 2364 v.
1507 2328 1675 2367 HEMST.

475 2381 565 2430 Pag.
588 2394 649 2431 91.
667 2381 690 2419 l.
717 2394 748 2419 1.
771 2380 1050 2433 Χρυσόχειρες)
1068 2382 1232 2420 Annulos
1247 2395 1367 2419 aurcos
1380 2381 1535 2419 manibus
1546 2383 1678 2434 gestan-

415 2445 474 2473 tes.
500 2432 639 2473 BROD.
660 2433 818 2485 Quibus
843 2447 979 2473 manus
1000 2447 1096 2473 auro
1119 2434 1204 2473 sunt
1226 2433 1448 2488 annulisque
1470 2445 1675 2475 oneratae:

415 2485 502 2538 ἀνὴρ
523 2487 857 2541 χρυσοὸεικτὺλιος
872 2488 907 2531 ἐν
930 2486 1095 2543 λαμπρᾷ
1114 2488 1254 2531 ἐσθῆτι·
1268 2487 1383 2543 Epist.
1405 2487 1533 2529 Iacob.
1547 2487 1604 2537 11,
1625 2502 1678 2537 2,
