1737 3378
442 259 530 307 3„
641 235 1512 290 ANNoTATtoNEs

439 329 531 370 nihil
554 327 617 368 est.
644 327 715 368 Sed
740 328 837 367 inter
859 327 1019 367 Luciani
1046 328 1192 381 optima
1221 327 1360 368 merito
1381 328 1588 369 censeatur.
1616 327 1706 371 Coa

438 382 628 424 'moediam
665 382 778 421 habes
807 380 1115 434 elegantissimam
1133 411 1145 430 ‚
1175 382 1212 420 in
1248 394 1326 435 qua
1352 382 1595 422 adulatorum
1622 396 1707 424 non

439 438 555 477 unius
584 436 730 488 generis
752 448 880 475 mores
904 434 1078 487 artesque
1107 435 1287 488 graphice
1311 436 1517 475 admodum
1544 437 1704 490 depicti,

440 504 529 531 cum
549 490 628 530 aliis
647 489 775 528 multis
794 489 840 528 ad
860 489 1010 528 divitias
1029 488 1304 541 spectantibus,
1329 490 1431 529 miro
1451 489 1613 529 artificio
1634 503 1704 530 ex-

441 545 630 583 hihentur.
654 544 743 582 Hoc
758 542 988 596 opusculum
1011 543 1077 594 qui
1094 555 1183 582 cum
1199 542 1461 595 Aristophanis
1481 543 1594 584 Pluto
1609 556 1705 583 con-

439 599 593 644 tulerit,
617 597 802 650 palmam,
828 595 854 634 si
879 609 1031 635 mecum
1053 594 1205 644 sentiat,
1226 596 1319 635 huic
1342 596 1486 636 Nostro
1508 597 1635 636 multis
1656 597 1706 637 de

440 652 560 691 causis
574 682 584 699 ,
605 663 699 704 quas
717 651 775 689 hic
791 662 968 688 enarrare
983 650 1094 688 nimis
1107 650 1267 703 longum
1282 649 1382 689 foret
1394 681 1407 697 ‚
1425 651 1574 698 deberi,
1592 649 1702 691 facile

442 706 640 746 concedet.
659 704 817 744 SOLAN.

496 762 573 798 ead.
591 760 612 797 l.
631 774 667 806 4·
683 756 750 796 Ζεῦ
763 756 884 809 φίλιε)
901 756 1111 796 Exordium
1128 757 1176 795 ab
1191 757 1366 797 attonitis
1381 757 1518 810 poetis.
1537 756 1566 796 οἱ
1584 766 1710 797 cuum·

442 812 593 853 κοῦντες
613 812 825 851 columem
840 810 1040 860 Ἐφέστιον,
1061 811 1164 860 φίλοι
1183 812 1321 857 Φίλιον,
1336 811 1363 849 οἱ
1383 812 1417 850 ἐν
1435 810 1483 860 τῇ
1505 808 1580 861 μιᾷ
1594 810 1708 863 τάξει

444 865 647 918 Ἓτοιιρεῖον,
664 864 753 914 ξένοι
771 863 892 904 Ξένιον
903 893 917 909 ,
932 863 966 902 ἐν
981 863 1095 916 ’ὅρκοις
1108 863 1320 913 συμφωνίαις
1337 863 1678 918 ποιοῦντες“ορκιοι’
1690 895 1706 913 ,

444 921 476 960 οἱ
496 920 657 970 δεόμενοι
679 917 835 964 Ἱκέσιον,
855 917 884 956 οἱ
907 916 1068 966 ἀδελφοὶ
1085 917 1289 970 Ὁμόγνιον.
1303 918 1442 971 Interp.
1456 917 1637 970 Sophocl.
1658 918 1707 958 ad

442 975 551 1014 Aiac.
580 971 730 1023 Mastig.
756 972 912 1010 nomina
935 970 1097 1010 coneda
1123 984 1173 1010 ex
1199 971 1312 1010 variis
1342 970 1449 1013 Iovis
1475 972 1635 1018 officiis,
1657 972 1705 1012 de

442 1028 584 1080 quibus
603 1027 699 1066 alius
718 1026 825 1064 locus
840 1025 996 1064 dicendi.
1013 1025 1185 1064 BOURD.

500 1084 573 1119 ead.
602 1083 626 1119 l.
655 1094 685 1129 5.
707 1075 858 1131 Ὅρκιε)
886 1078 1131 1118 Poeticarum
1150 1078 1333 1119 harumce
1354 1090 1502 1119 vocum
1529 1079 1708 1133 exempla

444 1135 631 1174 adducere
650 1133 1001 1186 supervacaneum,
1020 1145 1110 1171 cum
1127 1133 1331 1185 pleraeque
1344 1133 1436 1172 tales
1450 1131 1543 1181 sint,
1566 1144 1610 1173 ut
1622 1133 1710 1174 nul-

445 1190 496 1235 li,
518 1189 584 1242 qui
608 1190 745 1242 poetas
766 1186 939 1227 Graecos
962 1186 1025 1226 vel
1046 1199 1067 1225 a
1092 1187 1222 1226 limine
1250 1186 1440 1235 salutarit,
1457 1187 1614 1239 ignotae
1633 1187 1709 1227 effe

444 1242 550 1297 pofi‘e
565 1243 778 1281 videantur.
793 1240 882 1280 Sola
897 1240 988 1280 haec
1006 1240 1095 1278 mihi
1108 1240 1305 1293 negotium
1321 1240 1553 1294 aliquamdiu
1567 1239 1711 1280 facoffi-

445 1299 504 1337 vit
523 1297 568 1335 de
585 1295 682 1335 Iove
702 1295 822 1340 (licia,
845 1295 940 1333 adeo
963 1304 1004 1333 ut
1025 1294 1070 1333 cle
1090 1294 1356 1334 emendatione
1374 1295 1607 1346 cogitarem,
1626 1307 1710 1334 cre-

444 1352 651 1402 deremque
676 1347 785 1399 ἑρκεῖε
810 1348 873 1388 vel
901 1345 994 1400 ἕρκιε
1013 1347 1214 1400 legendum
1229 1363 1240 1397 ;
1258 1348 1338 1400 (V.
1354 1348 1458 1388 Suid.
1478 1347 1519 1387 &
1538 1348 1709 1401 Euripid.

446 1409 532 1455 Τρω.
550 1417 589 1443 v.
610 1401 688 1454 ¹7·)
707 1413 744 1440 at
766 1414 868 1440 nunc
887 1414 935 1441 ex
957 1401 1145 1455 Euripidis
1161 1402 1263 1441 Med.
1285 1403 1357 1454 169
1377 1402 1492 1441 video
1514 1401 1609 1441 nihil
1623 1415 1711 1442 mu-

445 1458 615 1497 tandum.
638 1456 746 1496 Adde
761 1455 887 1495 Schol.
903 1455 948 1494 ad
963 1455 1113 1495 Hecub.
1128 1455 1291 1495 eiusdem
1307 1469 1348 1494 v.
1372 1469 1458 1509 345.
1478 1455 1636 1496 SOLAN.
1652 1457 1708 1497 Ut

446 1512 572 1551 omnis
590 1509 733 1550 vinculi
745 1509 947 1554 naturalis,
966 1510 1070 1561 quod
1086 1509 1204 1548 vitam
1222 1510 1430 1549 humanam
1447 1510 1633 1558 continet,
1656 1510 1709 1551 fic

447 1566 487 1605 ἃ
509 1563 767 1612 iurisiurandi,
788 1564 901 1603 cuius
918 1562 1063 1602 summa
1081 1562 1152 1602 fuit
1169 1563 1271 1617 apud
1293 1575 1444 1603 veteres
1465 1563 1620 1616 religio,
1639 1577 1715 1604 cu-·

446 1628 555 1659 rator
574 1619 614 1659 δι
627 1617 774 1672 praeses
787 1617 977 1671 Iuppiter:
1001 1618 1048 1656 ab
1066 1616 1141 1657 hoc
1159 1630 1319 1658 munere
1337 1617 1450 1658 ducta
1462 1616 1547 1658 sunt
1559 1630 1710 1671 cogno-

447 1674 553 1712 mina
574 1686 652 1713 non
672 1681 821 1711 tantum
838 1671 967 1710 Φιλίου
979 1701 993 1718 ,
1011 1671 1154 1719 Ξενίου,
1178 1670 1396 1725 Ἑτοιιρειόυ,
1417 1671 1628 1720 ’Epeo-*riom
1645 1671 1710 1711 ‘0-

444 1741 523 1778 (my
535 1726 627 1776 νίου,
642 1725 842 1778 samaim),
857 1723 917 1764 sed
932 1725 972 1765 δι
985 1724 1134 1778 Ὁρκίου·
1149 1725 1203 1766 est
1221 1736 1349 1765 autem
1365 1726 1405 1764 in
1418 1724 1483 1764 ista
1494 1724 1619 1766 forma
1635 1739 1709 1766 vo-

446 1781 678 1821 cabulorum
689 1810 700 1826 ,
716 1779 871 1833 quando
884 1779 971 1819 Diis
982 1793 1002 1819 a
1031 1790 1180 1827 tantur,
1198 1779 1370 1833 praesidii
1385 1792 1431 1819 ac
1444 1779 1587 1820 tutelae
1598 1779 1712 1834 figni-

447 1834 589 1874 ficatio
604 1834 663 1874 Ita
677 1834 801 1874 cultus
816 1832 989 1887 Iuppiter
1002 1833 1116 1887 ὅρκιος
1128 1833 1169 1873 &
1180 1834 1370 1874 dedicatus
1384 1835 1423 1874 in
1440 1833 1622 1874 Eleorum
1635 1847 1710 1874 cu·

447 1890 520 1934 ria,
541 1887 632 1928 teste
656 1886 842 1928 Pausania
858 1889 911 1936 V,
931 1901 967 1941 p.
991 1902 1064 1936 441
1079 1917 1092 1933 ,
1111 1900 1155 1926 ea
1179 1887 1323 1941 specie,
1342 1900 1444 1941 quae
1467 1887 1503 1926 ἐς
1522 1886 1709 1940 ἔκπληξιν

447 1942 590 1982 ἀδίκων
613 1942 750 1994 ἁνὲρῶν
770 1952 852 1981 erat
874 1952 1113 1994 comparata,
1130 1953 1216 1980 nam
1239 1941 1383 1981 fulmen
1405 1952 1568 1995 utraque
1591 1954 1710 1982 manu

447 1996 618 2036 tenebat:
640 2008 758 2049 quare
777 1994 1069 2035 existimandum
1084 1994 1158 2044 est,
1180 1996 1390 2036 Lucianum
1409 1994 1505 2034 infra
1532 1995 1548 2045 §
1573 2009 1617 2045 4,
1641 1996 1710 2037 ubi

447 2049 681 2103 Σεκέιτηχυν
705 2051 870 2102 κεραυνὸν
886 2059 1094 2097 memorat,
1115 2062 1196 2089 non
1214 2050 1260 2089 de
1275 2049 1436 2089 Phidiaci
1454 2047 1561 2089 Iovis
1574 2049 1710 2103 figno‚¹

447 2103 549 2156 (hoc
566 2105 666 2143 enim
689 2102 895 2157 pleniffima
915 2104 1103 2156 propitiae
1120 2103 1319 2143 maiestatis
1337 2103 1436 2144 facie
1455 2103 1576 2143 altera
1590 2116 1710 2144 manu

448 2157 684 2210 praeferebat
700 2157 885 2210 sceptrum
898 2188 909 2206 ‚
928 2157 1131 2197 vieioriam
1147 2157 1285 2211 altera)
1298 2156 1359 2197 sed
1374 2158 1419 2197 de
1435 2158 1510 2197 hoc
1522 2155 1603 2211 ipso
1616 2160 1711 2198 Aroe

449 2211 565 2263 ὁρκίου
585 2211 783 2264 cogitasse:
803 2212 917 2264 idque
939 2221 1051 2252 tanto
1071 2211 1264 2264 argutius,
1281 2211 1386 2264 quod
1408 2211 1554 2251 Timon
1567 2209 1708 2252 Iovem

448 2265 601 2304 irrideat
621 2276 804 2318 tanquam
827 2265 1029 2313 vetulum,
1051 2265 1090 2305 &
1108 2266 1254 2305 viribus
1270 2264 1510 2306 effoetisxiam
1531 2277 1610 2304 non
1629 2277 1711 2305 am.

446 2318 549 2371 plius
560 2318 845 2359 commissorum
861 2320 1016 2373 impune
1033 2317 1222 2359 scelerum·
1235 2314 1438 2367 vindicem,
1457 2318 1629 2372 nihilq‘ue
1643 2319 1714 2359 mi-

448 2385 521 2413 nus
539 2374 655 2418 adeo,
673 2386 791 2426 quam
810 2373 963 2427 qualem
986 2373 1226 2413 simulacrum
1248 2373 1339 2413 illud
1355 2372 1580 2413 ostentabat.
1595 2372 1682 2412 Plur

450 2428 609 2479 protulit
622 2426 652 2465 Ι.
675 2428 724 2466 H.
746 2428 979 2467 Meibomius
995 2428 1040 2467 ad
1053 2427 1190 2468 Iusiur.
1207 2427 1392 2481 Hippocr.
1407 2425 1511 2475 c.11‚
1532 2426 1548 2476 §
1571 2440 1618 2475 4,
1638 2426 1706 2466 ub’

450 2480 538 2520 Ζεὺς
556 2481 667 2533 ὅρκιος
687 2483 910 2534 reperiatur.
932 2482 1047 2534 Apud
1066 2481 1329 2531 Phurmuum,
1349 2495 1464 2534 quem
1486 2480 1667 2521 Cornum

450 2534 574 2575 dicere
591 2534 739 2581 malim,
760 2548 791 2575 c.
810 2548 859 2589 9,
882 2549 917 2590 p.
945 2549 1017 2589 ¹50
1031 2565 1041 2584 ‚
1062 2548 1136 2589 pro
1155 2534 1266 2588 ἕρκιον
1287 2548 1310 2576 e
1331 2534 1403 2576 Ms.
1423 2535 1602 2581 notavit,
1616 2532 1644 2574 fi
1658 2545 1708 2574 re·
