1737 3378
419 224 504 271 182
624 215 1482 262 ANNOTATIONES

413 310 469 348 M.
491 309 530 345 in
543 306 718 346 ’‘Aorsia-w
744 306 784 345 &
802 305 883 345 Ἰών.
903 304 1012 345 Plato
1031 304 1148 359 Apol.
1170 318 1207 358 p.
1236 318 1281 358 23
1304 302 1352 343 C.
1371 299 1435 343 οὐκ
1454 300 1558 344 abab:
1578 299 1681 356 ἄφῆ-
1705 312 1708 315 ’

414 377 467 400 σω
487 356 599 399 αὐτον
611 392 622 409 ,
637 355 720 399 οὐδὲ
739 358 892 410 ἄπειμι.
909 359 1042 399 Utitur
1057 358 1134 398 hoc
1149 357 1304 398 Luciani
1317 357 1410 397 loco
1424 357 1610 398 Kusterus
1628 358 1676 398 ad

413 413 545 454 Aristo
574 414 608 452 b.
625 413 719 453 Plut.
737 428 776 452 v.
794 427 857 463 70.
870 413 971 452 Vide
982 414 1032 452 H.
1052 412 1249 466 Stephani,
1267 412 1335 464 qui
1348 411 1568 464 iampridem
1580 411 1677 452 haec
1713 442 1715 446 Α

414 467 529 519 copio
547 481 607 507 ius
629 466 751 507 fuerat
771 467 1013 520 persecutus,
1031 466 1133 519 App.
1151 467 1197 505 de
1217 464 1270 505 D.
1283 465 1331 504 A.
1349 479 1385 518 p.
1406 479 1491 518 139·
1510 465 1674 506 HEMST.
1708 504 1713 510 ,

467 525 540 559 ead.
559 522 582 560 l.
609 535 665 570 ¹7·
690 518 788 560 Οόἒὲ
810 521 873 559 ἐπὶ
895 520 1053 573 λόγοις)
1074 520 1207 572 Longe
1226 519 1296 558 alia
1314 517 1429 558 leffio
1453 519 1676 573 concipitur

414 586 462 613 ex
486 574 570 614 Mss.
592 575 632 615 &
652 574 765 628 Angl.
790 573 889 614 Cod.
909 573 938 613 οἱ
959 573 1003 613 ἑὲ
1024 574 1087 613 ἐπὶ
1112 573 1256 627 λόγοις,
1278 572 1343 625 (id
1365 570 1442 618 est,
1460 573 1526 625 qui
1545 582 1675 626 partes

416 626 480 667 τῆς
497 628 679 668 ‘transturas
701 628 885 680 tuentur)
907 625 972 667 οὖν.
993 627 1054 666 ἐπὶ
1072 626 1189 681 ἔργοις
1205 625 1471 665 ἐπαινέσονταί
1489 640 1532 665 σε
1545 656 1559 672 ,
1579 626 1673 665 ἀλλ’

414 682 479 721 ἐπὶ
501 682 644 734 λέγοις.
666 682 835 734 Recepta
853 679 965 721 leffio
986 680 1131 721 facilior
1146 711 1157 727 ‚
1175 681 1267 719 haec
1287 680 1432 720 durior.
1450 681 1593 718 πάντες
1607 679 1676 719 ab·

414 734 467 774 est
480 748 501 774 a
516 735 600 775 Mff.
620 736 791 775 Eoum).
806 735 915 774 Pater
932 734 1122 788 adscripsit
1143 746 1276 774 notam
1298 733 1550 779 Bourdelofii,
1566 745 1674 773 men-

414 798 492 828 tem
514 789 617 829 suam
648 790 693 828 de
713 803 758 828 ca
779 801 859 827 non
878 789 1063 841 aperiens.
1082 789 1180 828 Sane
1206 788 1360 840 vulgata
1389 787 1521 826 iocum
1549 787 1591 827 δι
1618 785 1675 826 sa-

412 843 486 881 lem
511 843 667 882 Luciani
681 872 693 888 ,
709 844 749 883 δε
771 842 917 882 bonum
939 841 1083 881 sensum
1108 855 1188 882 non
1208 841 1334 880 babet.
1356 840 1430 880 Cui
1450 841 1553 880 enim
1571 840 1674 880 dicc-

414 897 594 943 relicuit,
613 912 714 949 neque
732 899 772 936 ob
790 897 969 935 orationem
987 897 1177 934 laudabunt
1195 907 1225 933 te
1241 910 1352 934 omnes
1362 924 1374 940 ,
1392 906 1435 933 ut
1448 892 1675 934 Benedistus

416 952 552 997 vertit,
575 961 666 997 aut,
695 961 737 989 ut
766 950 933 1003 apertius
958 948 1168 1000 Micyllus,
1189 947 1249 987 sed
1272 947 1529 988 abundantius
1553 949 1673 1001 quam

416 1004 565 1043 Graeca
585 1004 782 1056 patiuntur
793 1034 806 1050 ,
826 1019 928 1056 neque
945 1004 1043 1041 etiam
1059 1004 1098 1042 ob
1120 1003 1217 1041 verba
1236 1002 1271 1040 6·
1287 1002 1470 1041 orationem
1483 1003 1580 1040 modo
1597 1001 1675 1040 lau-

415 1059 544 1097 dabunt
554 1070 584 1095 te
603 1073 713 1096 omnes
724 1060 745 1096 ,Ρ
757 1058 802 1096 ad
817 1058 923 1110 quod
937 1056 1057 1111 ipsum
1076 1057 1183 1095 vides
1195 1055 1347 1095 tendere
1363 1054 1676 1096 Bourdelotium.

415 1109 550 1163 Quem
567 1111 674 1151 illum
689 1124 825 1151 omnes
843 1111 1023 1151 laudant?
1043 1110 1114 1150 Sed
1137 1123 1208 1150 nec
1228 1109 1414 1148 iudicium
1435 1107 1674 1148 Bourdelotii

415 1165 582 1218 probum
610 1164 686 1211 cst,
713 1166 803 1204 dum
837 1164 963 1205 censet
995 1175 1186 1216 receptam
1210 1163 1412 1203 lefiionem
1437 1160 1675 1211 faciliorem,

415 1231 498 1257 eam
514 1250 524 1266 ,
547 1233 644 1272 quae
668 1220 704 1257 in
728 1219 811 1258 Mis.
831 1219 911 1265 est,
930 1219 1139 1258 duriorem:
1162 1230 1247 1257 nam
1272 1216 1512 1256 contrarium
1531 1227 1673 1256 verum

415 1271 479 1311 est.
497 1271 607 1325 Quid
623 1274 722 1312 enim
744 1272 893 1312 facilius
911 1272 953 1312 δι
977 1272 1116 1325 gratius
1134 1272 1203 1312 hac
1221 1269 1384 1311 lectione
1396 1301 1409 1317 ,
1426 1269 1456 1309 oi
1472 1269 1518 1309 s&
1531 1269 1596 1309 ἐπὶ
1615 1269 1676 1307 ab<

451 1341 499 1364 εις
520 1327 785 1365 ἐπαινέσονταί
804 1342 847 1366 σε
863 1358 873 1375 ,
897 1326 1030 1366 omiffa
1051 1338 1156 1366 voce
1175 1324 1338 1374 πάντες,
1361 1336 1481 1378 quam
1505 1336 1585 1363 non
1607 1323 1676 1363 ha-

415 1340 509 1418 gent
528 1378 655 1432 scripti
671 1380 779 1420 libri?
792 1378 929 1419 Sensus
941 1380 995 1419 est
1005 1410 1018 1426 ‚
1029 1380 1134 1433 pauci
1151 1394 1226 1418 vcro
1243 1380 1381 1432 quidam
1404 1376 1483 1430 (fic
1498 1390 1567 1431 per
1579 1389 1676 1417 con·

417 1444 578 1471 temtum
603 1433 739 1473 doeios
762 1434 800 1473 &
824 1434 1009 1473 facundos
1031 1434 1136 1473 viros
1159 1443 1279 1472 vocat
1301 1431 1330 1472 οἱ
1350 1430 1394 1470 δὲ
1408 1461 1422 1478 ,
1443 1444 1491 1471 ne
1505 1431 1674 1472 nomina-

415 1499 456 1524 re
480 1487 631 1539 quidem
655 1487 836 1540 dignata)
861 1490 900 1526 oh
920 1488 1035 1540 studia
1055 1488 1246 1526 laudabunt
1268 1498 1321 1535 tc,
1338 1484 1406 1524 nifi
1426 1486 1533 1538 quod
1558 1486 1674 1527 etiam

417 1539 572 1579 Graeca
594 1554 676 1580 vox
699 1541 830 1593 λόγοις
850 1541 1027 1579 invidiam
1054 1541 1245 1594 quandam
1268 1541 1309 1580 &
1331 1549 1571 1579 contemtum
1595 1551 1677 1577 ma-

416 1593 537 1633 iorem
561 1607 651 1648 prae
665 1593 702 1633 se
720 1594 812 1643 fert,
828 1594 974 1634 fabulas
991 1607 1150 1648 quoquc¹
1168 1595 1210 1633 δε
1225 1593 1530 1633 narratiunculas
1545 1591 1587 1631 &
1603 1605 1676 1632 nu·

416 1660 483 1700 gas
512 1648 707 1687 denotans.
735 1648 993 1688 'E7oe1115T63m
1015 1649 1081 1688 ἐπί
1102 1663 1173 1687 τινι
1197 1646 1328 1701 paffim
1349 1647 1386 1686 'm
1404 1647 1575 1687 Luciano
1600 1646 1673 1686 ob-

416 1702 536 1741 vium.
551 1702 759 1743 Gnosi-ov.
775 1702 893 1742 Refie
907 1703 1171 1741 animadvertit
1184 1702 1213 1742 Ι.
1227 1701 1480 1747 Gronovius,
1493 1712 1574 1740 non
1586 1699 1675 1754 pos-

415 1753 452 1794 se
475 1757 566 1796 haec
589 1756 695 1796 aliter
715 1757 845 1795 Latine
867 1758 1047 1810 exprimi,
1065 1769 1178 1809 quam
1191 1787 1202 1804 ‚
1217 1771 1318 1809 mque
1331 1767 1466 1808 propter
1479 1756 1578 1793 verba
1594 1755 1673 1793 lau-

416 1811 546 1848 dabunt
569 1822 599 1848 te
618 1827 739 1849 omncs.
764 1810 854 1850 Sine
873 1811 993 1849 dubio
1012 1821 1265 1863 opponuntur
1283 1813 1392 1864 λόγοι
1412 1807 1555 1860 ἔργοις,
1573 1810 1673 1847 verba

418 1865 580 1916 operibus.
603 1864 675 1904 Sed
695 1877 780 1904 cum
803 1866 909 1917 prior
932 1865 1030 1903 dicat
1053 1864 1265 1910 Statuaria‚
1288 1863 1513 1915 Eloquentia
1537 1862 1675 1901 etiam-

417 1929 509 1956 num
533 1928 702 1963 tacente‚
727 1929 808 1957 tota
832 1931 891 1958 res
911 1919 1068 1972 exprimi
1083 1918 1224 1957 debuit.
1245 1916 1423 1957 Omnino
1441 1929 1535 1969 ergo
1549 1915 1675 1955 existi-

417 1973 551 2010 marim
568 2003 579 2019 ,
604 1971 737 2011 omiffa
767 1971 871 2012 fuiffe
892 1973 1011 2012 verba
1031 1972 1147 2019 haec,
1168 1970 1259 2009 ἀλλ’
1280 1971 1341 2009 ἐπ’
1360 1970 1495 2022 ἔργοις.
1510 1967 1611 2008 Cum
1629 1968 1673 2008 li-

418 2024 566 2065 brarius
583 2025 774 2080 scripsisset
788 2026 835 2064 ad
850 2039 988 2066 vocem
1005 2026 1133 2080 λόγοις
1146 2056 1157 2074 ,
1179 2023 1390 2077 oculosque
1409 2036 1432 2062 a
1451 2023 1549 2062 libro
1564 2034 1675 2062 amo-

419 2078 527 2117 visset
543 2110 554 2125 ‚
586 2091 851 2133 repeteretque
884 2079 1122 2132 scriptionem
1134 2108 1145 2123 ,
1175 2079 1355 2131 deceptus
1383 2076 1530 2128 syllaba
1561 2089 1675 2130 γοις,

418 2133 559 2173 omiflis
580 2134 701 2174 tribus
723 2135 897 2180 voculis,
922 2133 1026 2186 quasi
1051 2147 1113 2172 eas
1134 2134 1206 2172 iam
1222 2129 1482 2185 descripsisset,
1500 2129 1674 2173 transiliit

418 2187 463 2225 ad
484 2199 590 2232 eam,
610 2201 708 2241 quae
721 2189 900 2241 proxime
923 2188 1169 2240 sequebatur,
1191 2198 1330 2225 vocem
1349 2185 1477 2238 ἔργοις.
1494 2184 1596 2236 Lege
1613 2196 1675 2223 er·

418 2252 495 2292 go,
517 2238 602 2280 ads&
626 2242 689 2280 ἐπὶ
710 2243 862 2295 λέγοις,
886 2242 975 2279 ἀλλ’
996 2241 1057 2280 ἐπ’
1077 2239 1196 2293 ἔργοις
1218 2239 1340 2279 {mem
1362 2239 1435 2278 δίε.
1457 2254 1524 2278 non
1541 2249 1680 2292 propter

419 2296 544 2342 verba,
569 2305 612 2334 ut
637 2294 759 2336 solent
789 2307 987 2342 oratores,
1013 2295 1080 2348 qui
1104 2293 1262 2334 rivalem
1287 2306 1407 2332 meam
1435 2291 1677 2344 sequuntur,

353 2350 361 2360 ⁹
413 2349 479 2403 fid
489 2362 626 2400 propter
640 2365 738 2403 opera
752 2350 942 2388 laudabunt
951 2361 980 2387 te
998 2364 1122 2388 omnes.
1135 2348 1192 2387 Eo
1206 2347 1304 2386 clare
1316 2346 1464 2399 respicit
1477 2345 1673 2399 Eloquen-

419 2403 470 2442 tia
486 2402 581 2443 hisce
595 2404 742 2449 verbis,
764 2416 861 2455 quae
876 2402 1079 2443 ostendunt
1098 2402 1327 2442 Statuariam
1346 2413 1392 2440 ea
1405 2399 1533 2440 dixisse
1544 2430 1556 2448 ‚
1569 2411 1674 2453 quae

418 2455 682 2511 exposuimus:
699 2457 735 2495 Ei
750 2456 795 2496 sl:
811 2458 874 2496 neci
887 2456 1041 2496 Φειὸίκς
1055 2457 1073 2497 {i
1090 2454 1343 2495 Πολύκλειτος
1354 2453 1485 2508 γένοιο,
1499 2452 1566 2492 καὶ
1578 2459 1675 2494 θοιν-

413 2513 560 2566 μοιστὲι
591 2513 723 2555 πολλὰ,
747 2511 1058 2560 ἘΞΕΡΓΑΣᾼΙΟ,
1087 2508 1152 2553 ’τὸν
1178 2508 1246 2565 μὲν
1276 2510 1416 2565 τέχνην
1446 2507 1673 2549 ἉΠΑΝΤΕΣ
