1737 3378
393 234 489 276 414
601 210 1467 259 ANNOTATIONES

382 350 385 354 ,
450 306 524 344 ead.
543 304 567 342 l.
590 318 624 350 4.
652 300 949 355 Ἐχεκρατίὲης)
971 301 1100 341 Scribe
1124 302 1411 354 Ἐχεκρατέέου.
1437 302 1575 343 BROD.
1599 304 1667 344 Li-

395 359 551 411 quidam
573 357 672 396 Tan.
696 357 805 395 Fabri
829 356 1136 395 emendationem
1151 386 1163 402 ,
1188 356 1318 394 invitis
1340 356 1521 396 omnibus
1538 358 1666 407 libris,

395 412 624 451 admisimus.
638 411 794 450 SOLAN.
807 410 956 449 Verum
971 409 1038 455 est,
1048 409 1320 463 Ἐχεκρατίδης
1335 422 1481 462 praeter
1495 411 1596 451 hunc
1610 412 1669 451 lo-

394 479 482 506 cum
508 465 694 517 nusquam
711 465 749 504 in
775 464 851 504 hoc
871 463 1000 503 libello
1015 462 1142 503 scribi:
1162 464 1252 516 quia
1275 475 1404 503 tamen
1419 462 1566 504 defendi
1580 478 1668 517 pot-

396 520 466 567 est,
495 533 516 559 a
537 520 710 558 Luciano
733 517 957 570 refingendo
983 529 1142 556 manum
1169 516 1342 557 abstinui.
1367 517 1535 557 Primum
1558 520 1669 578 Ἐχε-

398 574 537 626 κράτης
556 573 597 612 &
616 571 886 625 Ἐχεκροιτίὲης
908 572 1004 611 inter
1026 570 1063 610 se
1081 582 1387 619 convertuntur;
1415 584 1544 633 neque
1564 573 1668 613 inlo-

397 628 478 668 lens
499 627 574 676 est,
594 638 635 666 ut
655 626 893 680 primitivum
914 624 955 664 δι
977 626 1294 679 patronymicum
1317 638 1461 665 nomen
1480 639 1520 664 m
1534 626 1667 666 eadem

397 681 559 731 persona
584 681 716 720 locum
738 681 965 719 obtineant:
995 680 1048 718 ita
1069 679 1296 727 Λευκὸλοφος
1318 679 1359 719 &
1383 680 1668 727 Λευκολοφίέης·

398 734 671 786 Ἀὃείμαιντοςὸ
687 731 971 779 Λευκολοφίδου,
990 733 1313 786 quemadmodum
1328 733 1401 786 legi
1415 733 1527 772 debet
1540 734 1578 771 in
1589 734 1670 773 Xe-

400 790 611 842 nophontis
626 789 668 827 E.
684 787 723 834 I‘,
740 801 776 840 p.
796 787 872 838 258
884 817 898 832 ‚
923 800 961 824 v.
984 801 1052 840 15,
1068 799 1183 839 atque
1200 787 1389 840 Aristoph.
1403 786 1608 827 Scholiasta
1620 788 1668 827 ad

401 844 498 882 Rari.
515 858 554 882 v.
578 842 673 895 1561
691 873 702 890 ‚
725 851 769 880 ut
790 851 893 893 patet
911 852 961 879 ex
984 853 1033 880 eo
1048 840 1234 885 Platonis,
1254 853 1368 893 quem
1387 839 1554 892 profert,
1575 841 1667 881 loco

401 898 553 950 Protag.
571 911 604 948 p.
626 908 702 934 220
722 894 762 933 F.
785 895 845 934 hic
865 905 994 933 tamen
1010 894 1058 933 ab
1070 893 1326 947 Aristophane
1344 894 1465 934 dielus
1484 894 1523 934 δε
1537 896 1671 949 Eupo-

400 952 472 990 lide
487 950 721 997 Λευκὸλοφος.
742 948 928 1001 Hippocr.
951 948 1127 997 Ἐπιθυμ.
1147 946 1187 993 I,
1207 962 1242 1001 p.
1265 962 1338 1001 951
1363 948 1404 987 E.
1429 948 1670 998 Ἐπιιμίνωναι

407 1015 544 1051 vocat,
566 1004 632 1057 qui
653 1017 688 1055 p.
710 1014 789 1055 957
809 1003 852 1042 B.
877 1000 930 1042 est
948 1001 1247 1051 ’Ewoew'vwvcl‘an
1277 1003 1393 1054 Apud
1413 1003 1606 1055 Harpocr.
1628 1004 1667 1042 iu

402 1055 587 1104 ‘'1:7r1ss02.25·
603 1052 651 1096 ὣς
671 1056 738 1094 καὶ
757 1059 866 1108 παρὰ
880 1056 1003 1105 Λυσίᾳ
1020 1056 1054 1095 ἐν
1071 1054 1125 1105 τῷ
1141 1054 1539 1109 κατὰ-Νικομαχίὲοψ
1561 1058 1670 1109 atqui

406 1115 497 1152 {iaec
511 1111 585 1165 ipsa
604 1110 656 1150 est
679 1111 828 1158 oratio,
853 1122 953 1162 quae
971 1109 1110 1157 exstat,
1125 1111 1229 1148 κατὰ
1245 1109 1469 1162 Νικομάχου
1479 1124 1670 1163 ’γραμμα-

406 1170 496 1206 τέως
515 1160 658 1205 εὗθυνῶν
673 1167 898 1218 κατηγορίαι·
918 1165 955 1203 in
973 1177 1019 1204 ea
1037 1161 1307 1216 Νικομαχίὲην
1320 1175 1401 1203 uno
1418 1166 1508 1204 loco
1525 1178 1559 1217 p.
1579 1163 1671 1213 184,

409 1235 443 1259 v.
468 1234 514 1259 10
529 1249 539 1267 ‚
568 1219 743 1259 nominat
764 1217 920 1270 Lysias,
947 1231 1064 1271 quem
1095 1217 1186 1256 alibi
1208 1216 1356 1270 semper
1373 1217 1671 1259 Nicomachum.

409 1273 596 1314 Hercules
610 1274 726 1313 etiam
745 1271 1004 1324 Ἡρακλείδης,
1029 1282 1071 1311 ut
1092 1283 1226 1311 monet
1244 1270 1411 1328 Eusstath.
1433 1272 1479 1311 ad
1498 1272 1541 1311 Il.
1556 1277 1608 1318 Ξ,
1630 1287 1670 1325 ρ.

405 1327 498 1379 989,
516 1341 556 1366 v.
570 1341 632 1376 47.
655 1326 854 1379 Euripides
877 1325 979 1365 filius
1004 1325 1231 1378 Μνησάρχου
1254 1327 1272 1366 ἢ
1294 1325 1568 1379 Μνησαρχίὲου
1581 1325 1670 1366 Sui-

406 1382 486 1421 dae.
509 1382 610 1420 Hinc
637 1391 818 1434 apparet,
834 1393 912 1420 non
928 1378 1002 1420 effe
1014 1380 1060 1419 de
1079 1379 1219 1429 nihilo,
1241 1380 1347 1432 quod
1362 1392 1434 1433 pro
1454 1382 1496 1419 ab
1509 1380 1672 1433 Agnoni-

407 1437 444 1474 de
461 1435 614 1488 quidam
638 1433 801 1474 Codices
821 1435 859 1473 in
879 1433 999 1474 Corn.
1014 1434 1112 1486 Nep.
1125 1432 1242 1473 Phoc.
1261 1447 1292 1473 c.
1309 1448 1326 1486 3
1352 1432 1569 1487 praeferant
1581 1464 1592 1479 ,
1611 1446 1670 1473 te·

408 1489 458 1529 ste
471 1490 577 1529 Hier.
597 1489 732 1541 Magio
747 1520 759 1537 ‚
775 1490 817 1527 ab
837 1490 1005 1541 Agnone.-
1029 1488 1230 1541 quomodo
1250 1489 1289 1526 in
1301 1489 1464 1540 Argum.
1481 1487 1669 1539 Pythion.

409 1542 557 1583 Pindari
569 1543 666 1582 idem
688 1542 835 1582 archon
849 1542 1012 1582 Athenis
1031 1542 1165 1582 Simon
1182 1542 1221 1581 &
1233 1541 1466 1581 Simonides:
1489 1541 1610 1581 multa
1625 1543 1671 1582 de

407 1598 482 1637 hoc
496 1610 633 1650 genere
655 1598 694 1635 in
718 1597 885 1637 medium
906 1595 1078 1649 proferre
1096 1595 1264 1649 poffem,
1287 1609 1457 1649 quorum
1477 1595 1674 1648 ignoratio

406 1652 554 1691 errandi
574 1647 701 1691 ansam
722 1650 829 1705 saepe
844 1650 1028 1705 praebuit.
1052 1650 1202 1690 Deinde
1221 1649 1302 1689 filio
1315 1662 1459 1690 nomen
1479 1650 1595 1703 patris
1612 1664 1676 1690 ra·
1736 1691 1737 1694 ,

410 1718 456 1745 ro
471 1707 639 1759 quidem,
652 1705 713 1744 sed
726 1716 855 1745 tamen
872 1705 1074 1758 aliquando
1090 1715 1260 1757 aptatur;
1275 1716 1318 1744 ut
1327 1703 1547 1757 Diogenem
1557 1704 1675 1744 Laer-
1736 1721 1737 1725 ¹

405 1761 500 1799 tium
524 1761 598 1800 dici
621 1759 765 1800 censuit
783 1758 976 1806 Valesius,
999 1759 1139 1798 Laertii
1157 1758 1301 1798 filium:
1330 1760 1438 1811 quod
1462 1770 1564 1798 nunc
1586 1758 1674 1811 plu-

408 1815 514 1854 ribus
528 1813 703 1868 persequi
723 1827 803 1854 non
818 1825 954 1862 vacat3
982 1814 1127 1852 interea
1144 1813 1231 1852 vide
1249 1812 1382 1852 Burin.
1395 1811 1441 1851 ad
1462 1811 1571 1852 Grat.
1587 1811 1674 1864 Cy-

409 1881 493 1921 neg.
508 1883 548 1908 v.
569 1881 655 1922 ¹03·
673 1869 854 1927 Utroque
871 1867 988 1907 modo
1006 1867 1152 1906 Timon
1172 1866 1442 1919 Ἐχεκρατίὲης
1455 1865 1675 1906 Echecratis
1736 1885 1737 1892 κ

408 1924 471 1962 vel
490 1923 759 1963 Echecratidae
780 1922 881 1961 filius
899 1922 969 1961 dici
990 1922 1137 1975 potuit:
1158 1921 1422 1966 nihilominus,
1439 1919 1467 1958 si
1488 1921 1551 1960 vel
1571 1932 1676 1960 unus

409 1977 546 2017 Codex
558 1975 760 2017 acceffiffet
769 2005 780 2024 ‚
796 1976 950 2016 reddere
962 1988 1044 2015 non
1059 1973 1207 2015 fuiffem
1219 1974 1371 2016 veritus
1386 1973 1671 2028 Ἐχεκρσιτίὲοω

409 2032 572 2071 HEMST.

463 2085 543 2124 ibid.
565 2082 798 2135 Ἐπειψῆφισε
810 2083 858 2135 τῇ
873 2082 1076 2136 ἐκκλησίᾳ)
1097 2082 1355 2136 Interpretum
1379 2092 1530 2122 errores
1548 2081 1675 2136 perse-

409 2139 474 2191 qui
494 2152 574 2178 non
595 2139 714 2178 iuvat.
737 2139 896 2191 Egregie
913 2138 959 2177 de
978 2138 1048 2177 hac
1067 2137 1249 2190 loquendi
1271 2135 1438 2176 formula
1453 2137 1609 2176 meritus
1620 2135 1675 2176 est
1736 2180 1737 2186 ¹

411 2192 453 2231 L.
468 2191 654 2232 Kusterus
671 2193 717 2232 de
729 2193 848 2232 Verb.
867 2192 969 2231 Med.
988 2206 1024 2245 p.
1045 2205 1060 2252 ¹.
1070 2206 1087 2244 3
1134 2192 1175 2231 &
1190 2189 1264 2244 seq.
1281 2191 1480 2244 longoque
1495 2190 1677 2230 interval-

410 2245 451 2285 lo
470 2245 691 2286 industriam
706 2245 897 2300 superavit
918 2246 1063 2286 Budae1
1118 2276 1126 2284 .
1150 2246 1191 2284 L.
1212 2244 1262 2285 G.
1282 2259 1318 2298 p.
1341 2248 1429 2292 167.
1454 2243 1524 2283 168
1537 2275 1548 2293 ‚
1566 2244 1608 2283 ἃ
1622 2245 1676 2285 Η.
1734 2244 1736 2266 ³

411 2297 591 2354 Stephani
605 2301 643 2339 in
657 2299 769 2341 Thes.
781 2300 830 2340 T.
841 2299 916 2346 IV,
929 2314 964 2353 p.
984 2313 1078 2351 730,
1094 2298 1241 2338 tametsi
1262 2298 1448 2338 nonnulla
1467 2297 1674 2350 fint‚quae
1734 2291 1737 2337 ἶ

412 2355 562 2394 mallem
586 2365 745 2394 mutata.
771 2354 984 2394 Aemilium
1005 2353 1166 2393 Portum
1187 2353 1277 2392 nihil
1294 2353 1352 2391 hic
1370 2351 1501 2392 vidisse
1519 2353 1558 2391 in
1580 2352 1676 2392 Lex,
1734 2393 1735 2398 ,

410 2404 496 2447 Ion.
518 2421 591 2461 pro
608 2409 774 2448 hominis
791 2408 944 2460 ingenio
965 2420 1045 2448 non
1060 2407 1171 2447 valde
1185 2408 1322 2446 mirum
1340 2405 1405 2446 est.
1430 2405 1570 2446 Otium
1588 2406 1674 2447 aliis
1734 2407 1736 2458 ᾗ

412 2461 534 2502 t‘eciffe
553 2474 733 2515 potuerat
758 2463 808 2502 H.
835 2461 1034 2510 Valesius,
1058 2461 1106 2510 sl,
1124 2473 1222 2514 quae
1241 2461 1396 2513 collegit
1418 2461 1462 2500 ad
1483 2461 1674 2513 Harpocit

411 2530 447 2570 p.
463 2532 536 2568 74,
559 2515 636 2566 284
647 2547 660 2563 ,
677 2515 874 2570 disponere
890 2515 1054 2558 licuiffet
1068 2514 1137 2570 ipsi
1151 2527 1266 2569 atque
1283 2516 1323 2555 in
1337 2515 1509 2556 ordinem
1529 2513 1675 2568 redigeq
1733 2523 1737 2552 J
