1737 3378
409 269 531 307 {LXII
692 253 792 300 DE
834 252 1169 311 AETATE,
1208 251 1383 299 VITA

412 384 452 411 c.
493 379 538 408 11
571 362 792 407 scribens:
831 363 1075 419 Χριστιανῶν
1100 389 1145 398 -
1175 366 1254 410 τοῖς
1278 365 1408 418 ἱερεῦσι
1441 363 1508 407 καὶ
1533 365 1666 420 γραμὲ

412 432 607 482 garsio-w
633 429 936 481 συγγενόμενος,
962 427 1095 486 quod
1126 428 1248 471 bene
1272 427 1409 471 etiam
1433 428 1575 471 Solan.
1603 426 1662 471 ad

410 493 441 536 1.
463 491 505 534 d.
526 490 795 535 observavit.
829 492 923 535 Nec
953 492 1069 535 adeo
1103 490 1304 535 infensus
1336 490 1426 535 fuit
1449 491 1663 535 Christia-
1703 511 1708 519 ·

412 555 508 610 nis,
539 568 682 614 atque
696 555 769 598 alii
789 555 1069 599 existimant:
1091 556 1323 600 caritatem
1348 555 1472 598 enim
1497 570 1664 600 eorum

410 630 629 664 mutuam
649 619 696 662 in
722 618 825 662 eod.
850 619 1024 681 Peregr.
1046 635 1153 664 vere
1170 619 1428 679 praedicat,
1451 634 1664 662 morum-

411 699 508 742 que
544 683 882 741 limplicitatem
923 683 1185 727 eorundem
1218 684 1280 727 ita
1315 682 1562 736 describit,
1605 692 1663 727 ut

413 763 536 806 quae
554 748 597 790 le
614 746 706 791 falli
730 747 886 806 potius
903 747 1015 790 sinat
1030 781 1041 797 ,
1061 763 1203 805 quam
1228 758 1282 791 ut
1300 746 1447 793 fallam
1471 745 1547 790 sed
1567 744 1663 790 eos-

411 812 521 855 dem
541 811 784 872 praestigiis
797 826 848 855 ac
867 810 1261 869 superstitionibus
1279 822 1434 855 tamen
1451 826 1549 854 non
1569 809 1664 853 falli

411 875 456 920 se
482 874 622 920 fivisse
641 909 654 929 ,
687 876 776 919 live
807 874 958 919 studio
978 908 990 929 ,
1024 874 1114 918 five
1141 876 1242 919 casu
1261 909 1273 930 7
1305 875 1474 919 fincero
1506 887 1665 918 tamen

411 939 504 1002 agit
522 973 534 993 ‚
571 939 654 997 qui
685 949 1024 982 commemoret
1057 939 1104 982 in
1123 940 1247 983 Alex.
1282 955 1319 983 c.
1343 939 1429 998 38,
1465 938 1548 982 ubi
1576 937 1666 981 im-

412 1004 569 1063 postor
593 1002 866 1046 Christianos
887 1005 1024 1046 etiam
1045 1002 1229 1046 arcebat
1256 1003 1342 1046 suis
1366 1002 1493 1047 sacris
1509 1035 1521 1058 ,
1545 1001 1667 1046 veri-

415 1080 513 1122 tuS‚
531 1082 592 1110 ne
616 1067 665 1110 hi
683 1066 856 1110 facilius
881 1067 1016 1126 ipsius
1040 1066 1219 1111 fraudes
1245 1066 1522 1128 detegerent·-
1538 1081 1588 1111 ac
1607 1065 1669 1110 ri-

414 1132 580 1175 derent
597 1150 606 1179 ;
627 1130 705 1175 sed
730 1130 770 1174 &3
787 1131 912 1175 idem
930 1131 1104 1175 Atheos
1122 1130 1305 1176 arcebat
1329 1129 1370 1174 8c
1389 1130 1668 1190 EpicureOS,

414 1195 544 1240 unde
569 1195 766 1254 quidem
790 1195 906 1238 nihil
937 1195 1162 1254 probatur
1179 1229 1191 1251 ‚
1227 1194 1360 1254 quod
1391 1194 1668 1239 Christianos

414 1260 483 1305 ibi
506 1259 701 1304 laudarit
729 1259 985 1308 Lucianus3
1016 1259 1094 1303 sed
1127 1259 1223 1304 eius
1249 1259 1480 1322 integritas
1509 1269 1670 1302 tamen

415 1335 628 1384 apparet3
664 1335 710 1368 at
745 1323 975 1368 Christum
1004 1321 1265 1383 Sophistam
1296 1334 1434 1368 vocat
1464 1322 1590 1367 idern
1619 1322 1671 1367 in

415 1389 591 1448 Per-egr.
618 1389 646 1432 1.
677 1388 718 1431 d.
749 1404 836 1432 nec
865 1403 951 1450 ego
981 1387 1203 1450 confugio
1234 1388 1294 1432 ad
1326 1386 1672 1433 excusationem

412 1452 587 1507 ‹Xsossii‚
614 1453 739 1511 quasi
772 1452 821 1496 id
853 1452 1034 1496 alterius
1066 1452 1260 1496 nomine
1290 1452 1435 1508 dicat,
1470 1449 1511 1496 8c
1535 1450 1671 1510 quod

417 1518 560 1562 etiam
588 1518 637 1561 in
670 1517 840 1561 bonam
867 1528 1048 1576 partem
1065 1517 1214 1560 valeat
1239 1517 1315 1560 illa
1332 1532 1452 1566 vox;
1485 1531 1595 1560 nam
1625 1514 1672 1559 se

417 1581 552 1625 nihili
588 1581 734 1625 facere
759 1581 1032 1641 religionem
1066 1580 1362 1625 Christianam
1379 1614 1391 1636 ,
1419 1580 1518 1625 satis
1540 1589 1672 1639 patet

419 1645 612 1690 aliunde
629 1680 640 1701 ,
669 1646 708 1690 &-
731 1645 839 1690 licet
862 1646 950 1689 hoc
979 1644 1163 1689 doleam
1181 1679 1193 1700 ‚
1216 1661 1315 1689 non
1344 1656 1503 1689 tamen
1529 1643 1674 1706 magis

418 1710 562 1755 miror
580 1711 628 1754 in
647 1710 856 1754 Luciano
875 1743 886 1765 ,
909 1725 1052 1768 quam
1071 1709 1118 1753 in
1137 1710 1230 1753 aliis
1258 1705 1522 1754 auffloribus
1548 1708 1673 1768 prio-

419 1791 526 1819 rum
546 1775 805 1819 seculorum
819 1808 830 1829 ,
849 1774 933 1832 qui
951 1775 1104 1818 multo
1119 1774 1276 1834 peiora
1291 1774 1339 1817 in
1357 1774 1476 1818 hanc
1494 1772 1675 1832 scripse-

418 1856 468 1885 re
484 1873 496 1894 ,
527 1838 568 1883 Sc
592 1855 710 1898 quos
732 1849 889 1883 tamen
912 1838 1100 1882 ferimus
1118 1871 1130 1893 ‚
1152 1855 1202 1883 ac
1228 1849 1421 1898 propter
1437 1838 1522 1882 alia
1541 1836 1674 1882 utilia

419 1903 684 1948 laudamus:
706 1903 823 1962 quin
841 1903 897 1947 fic
914 1919 1079 1947 verum
1094 1903 1324 1963 videmus,
1338 1902 1471 1962 quod
1484 1901 1672 1961 Aposto-

420 1970 493 2013 lus
514 1968 656 2022 dixit,
688 1967 731 2012 se
754 1967 995 2012 annutiare
1016 1967 1272 2022 Christum,
1293 1967 1379 2026 qui
1401 1965 1579 2011 Iudaeis
1604 1963 1676 2010 of-

420 2033 566 2078 fensio
580 2067 592 2088 ,
615 2031 794 2076 Graecis
814 2032 1002 2076 stultitia
1022 2030 1148 2081 effet3
1169 2048 1376 2090 cumque
1398 2031 1593 2075 Iudaeos
1611 2029 1677 2074 fe-

420 2113 575 2143 ramus
590 2131 601 2152 ,
623 2097 800 2141 Christo
815 2131 827 2153 ,
844 2113 929 2156 pro
949 2096 1106 2141 dolor!
1126 2095 1455 2141 maledicentes
1469 2130 1481 2151 ‚
1504 2094 1675 2154 quidni

421 2163 551 2206 hunc
569 2161 790 2217 feramus,
819 2177 976 2220 neque
1003 2161 1180 2206 Christo
1197 2195 1209 2216 ‚
1238 2177 1397 2220 neque
1416 2158 1677 2204 Christianis

422 2226 814 2271 maledicentem?
851 2226 962 2270 Rifit
996 2237 1156 2270 autem
1179 2225 1518 2285 Epicureorum
1543 2238 1683 2268 more

422 2291 604 2335 animae
620 2291 1018 2335 immortalitatem
1037 2291 1255 2349 vitaeque
1270 2289 1574 2349 sempiternae
1595 2303 1678 2331 ex·-

424 2352 756 2415 sped'lationem
771 2389 784 2411 ,
816 2355 864 2399 in
884 2355 1058 2415 Peregr.
1079 2371 1115 2399 c.
1143 2370 1214 2414 13,
1241 2354 1474 2413 quodque
1495 2354 1579 2397 hac
1598 2351 1677 2412 spe

423 2420 530 2464 freti
558 2422 722 2479 sponte
749 2421 792 2464 se
821 2419 1100 2464 occidendos
1129 2419 1394 2479 praebeant.
1431 2417 1492 2462 Ut
1518 2428 1679 2461 autem

423 2484 628 2544 priorem
647 2485 766 2529 illius
780 2484 1053 2529 sententiam
1072 2484 1238 2528 merito
1254 2482 1598 2543 improbamus,
1614 2481 1678 2524 ita

425 2547 467 2600 &C
499 2549 862 2599 Christianorum
885 2549 1077 2595 istorum
1104 2548 1370 2594 voluntario
1403 2548 1587 2607 impetu.
1617 2544 1677 2590 ad
