1737 3378
395 235 488 281 404
594 211 1459 263 ANNOTATIONES

391 310 432 352 ,δ’
441 306 505 356 fac
516 335 528 350 ,
546 316 585 343 ut
601 305 793 344 adulatores
805 302 858 341 illi
871 302 1193 356 dirumpanturprae
1208 301 1354 342 invidia.
1366 302 1465 343 Mihi
1475 302 1580 346 secus
1593 304 1659 347 vii

393 360 516 398 detur.
534 356 658 397 sensus
674 357 746 406 est,
765 356 835 396 nisi
859 357 970 396 valde
995 356 1132 404 fallor,
1154 355 1258 395 talis:
1285 357 1382 408 Quin
1398 369 1435 395 tu
1446 357 1576 411 suscipe
1596 375 1658 399 cu·
1698 402 1703 412 ,

393 428 453 452 ras
466 413 546 464 istas
557 440 569 457 ‚
587 423 781 464 tantumque
795 426 880 450 onus
893 411 1020 462 imponi
1029 410 1088 448 tibi
1097 421 1237 462 patere,
1256 410 1375 449 Timon
1387 440 1400 456 ,
1420 423 1490 450 tum
1501 413 1564 450 mei
1572 427 1658 452 cau-

386 466 433 517 fiz
445 496 456 513 ‚
479 477 550 504 tum
561 494 573 512 ,
592 481 794 519 quamquam
808 467 927 504 durum
933 467 1002 516 fit,
1018 475 1118 516 atque
1132 464 1323 516 impetibile,
1336 464 1499 503 hominem
1513 467 1558 504 ab
1569 466 1658 519 opti-

393 535 450 558 ma
468 519 674 571 Paupertate
687 520 754 558 iam
769 521 818 558 ad
831 532 973 569 unguem
981 517 1112 569 fidium
1125 519 1233 556 denuo
1246 518 1375 556 divitiis
1385 518 1501 564 obrui,
1516 530 1556 557 ut
1565 522 1656 558 adu-

391 573 515 612 latores
535 574 585 626 isti
605 574 732 612 invidia
752 584 960 625 rumpantur.
982 571 1022 611 Si
1048 570 1148 610 forte
1171 570 1388 610 auetoritati
1407 570 1496 611 suae
1527 572 1657 614 minus

393 626 578 665 tribueret
597 627 768 672 Timon,
791 626 909 665 telum
930 624 1120 664 secundae
1142 625 1301 664 rationis
1323 624 1477 664 adhibet
1496 625 1660 671 certiffiq

391 693 499 719 mum
514 681 730 720 Mercurius
748 680 901 720 adeum
912 708 925 724 ,
943 680 1010 730 qui
1027 690 1105 717 tam
1124 677 1222 717 male
1237 678 1394 718 volebat
1407 677 1630 719 hominibus
1641 708 1656 728 ,

389 735 715 787 permovendum:
747 734 852 785 quod
881 733 983 771 enim
1013 731 1267 785 spectaculum
1300 731 1461 771 Timoni
1487 733 1656 785 gratius,

391 801 506 840 quam
524 787 551 826 fi
568 788 784 827 adulatores
805 785 958 839 peffime
981 785 1027 825 de
1053 785 1090 825 se
1109 786 1266 825 meritos
1284 785 1400 825 rebus
1419 784 1492 825 suis
1515 787 1658 839 opimis

391 854 471 880 non
487 841 712 881 macrescere
726 841 877 886 videat,
895 839 957 878 sed
970 839 1156 892 dirumpi?
1176 839 1284 878 Nihil
1303 851 1398 892 ergo
1415 839 1453 877 in
1476 839 1548 879 hac
1566 853 1658 880 ora-

390 896 523 941 tione,
539 895 643 948 quod
664 894 917 947 supplementi
938 892 1097 933 alicuius
1119 893 1306 946 indigeat,
1329 893 1448 932 modo
1469 888 1657 934 ὑπόστηθι

391 950 598 1000 repetitum
620 950 753 1002 iungas
771 961 857 987 curn
877 946 978 986 ὅπως
999 945 1027 986 οἱ
1051 947 1210 986 κόλακες
1229 946 1302 985 &c.
1317 945 1468 985 Verum
1482 946 1656 988 interseri

391 1003 502 1042 debet
521 1002 598 1041 nesti·
621 1003 686 1041 nai
700 1032 711 1048 ‚
734 1001 763 1040 εἰ
783 1001 848 1040 καὶ
873 1003 1057 1052 χαλεπὸν
1080 998 1194 1038 τοῦτο
1216 1000 1293 1039 &c.
1315 999 1480 1040 HEMST.

443 1059 518 1095 ead.
541 1057 564 1094 l.
587 1070 622 1095 2.
642 1053 720 1095 Οὐκ
739 1054 878 1107 οἰστὸν)
898 1056 1081 1093 Ferendum
1097 1069 1165 1092 non
1183 1056 1236 1107 cst.
1252 1053 1394 1093 BROD.

443 1113 517 1149 ead.
533 1110 556 1148 l.
576 1124 610 1162 3.
628 1107 894 1162 Aiap'p‘oeyffloei)
916 1108 1061 1161 Eunap.
1079 1107 1216 1147 Aedes.
1231 1121 1267 1161 p.
1287 1121 1349 1160 37,
1366 1105 1398 1146 οἱ
1411 1104 1456 1146 Σὲ
1470 1106 1658 1159 vuaso-¹

389 1163 631 1203 ναστεὺοντες
643 1162 859 1216 ῥηγνύμενοι
873 1157 928 1210 τῷ
938 1162 1066 1212 φθόνῳ.
1077 1161 1237 1201 Luciani
1250 1161 1371 1201 verba
1385 1160 1548 1214 protulit
1561 1160 1655 1204 Des.

390 1217 543 1257 Herald.
563 1217 609 1256 ad
632 1216 795 1256 Martial.
815 1216 893 1262 IX,
911 1215 978 1269 Ep.
994 1230 1056 1268 99.
1078 1216 1199 1268 Saepe
1218 1215 1333 1254 etiam
1356 1214 1654 1266 indignationem

390 1270 431 1310 o&
444 1271 616 1310 dolorem
627 1301 638 1316 ,
658 1283 775 1323 quem
797 1271 880 1322 quis
897 1282 944 1309 ex
958 1270 1072 1308 rebus
1090 1270 1244 1322 ingratis
1259 1269 1358 1321 apud
1370 1270 1542 1308 animum
1555 1280 1657 1308 con-⁴
1703 1308 1708 1313 ,

390 1325 506 1376 cipit,
523 1324 720 1376 significat.
741 1323 936 1376 Aristoph.
958 1324 1053 1375 Equ.
1071 1337 1108 1362 v.
1129 1338 1224 1376 339,
1245 1321 1447 1362 &Kuster.
1469 1321 1655 1363 Aristides

390 1379 436 1416 de
449 1378 592 1417 Momo
613 1379 662 1418 T.
688 1378 763 1421 111,
787 1391 822 1430 p.
840 1379 916 1427 679
941 1377 983 1416 B.
1001 1377 1068 1429 qui
1084 1377 1175 1415 nihil
1189 1378 1228 1415 in
1246 1377 1402 1416 Venere
1419 1376 1654 1429 culpandum

389 1432 629 1471 inveniebat:
651 1431 725 1470 ὅδὲ
742 1431 877 1480 Μῶμος
889 1429 1121 1483 ὃιερῥίηνυτο
1133 1425 1197 1469 οὐκ.
1213 1430 1313 1482 ἔχων
1327 1429 1385 1468 ὅτι
1405 1429 1650 1471 αἰτιάσεται.

390 1485 483 1524 Hoc
507 1498 664 1538 quoque
679 1485 825 1524 Latinis
846 1484 1038 1524 usitatum.
1058 1483 1197 1524 Cicero
1212 1485 1258 1522 ad
1273 1483 1416 1536 Quint.
1431 1482 1551 1523 Fratr.
1572 1483 1654 1531 111,

391 1538 461 1591 Ep.
485 1551 532 1591 9:
554 1552 595 1578 ut
609 1540 662 1577 lzis
682 1539 782 1578 malis
796 1538 874 1592 reip.
897 1539 1092 1590 licentiaque
1109 1538 1314 1588 audacium,
1336 1553 1404 1591 qua
1420 1548 1499 1576 ante
1514 1550 1654 1590 rumpe-2

388 1593 464 1638 bar,
478 1607 567 1631 nunc
580 1609 621 1632 ne
635 1609 768 1632 movear
779 1593 919 1646 quidem.
933 1593 1098 1631 HEMST.

443 1648 519 1685 ead.
534 1648 559 1683 l.
583 1647 620 1686 6.
642 1645 693 1697 Τῇ
714 1646 879 1698 εἰρεσίᾳ)
900 1646 1039 1698 Virgil.
1057 1646 1156 1685 Aen.
1171 1645 1252 1691 VI,
1278 1659 1324 1698 19
1338 1675 1351 1692 ,
1366 1644 1513 1684 alarum
1537 1643 1655 1685 remi&

388 1699 495 1752 gium
509 1700 625 1740 etiam
636 1712 766 1740 vocat.
779 1700 951 1739 Eoum).
965 1700 997 1740 E
1008 1699 1203 1740 veteribus
1215 1699 1434 1739 huiulinodi
1446 1698 1565 1738 multa
1576 1697 1655 1738 col-

388 1754 564 1806 legerunt
573 1754 602 1794 Ι.
617 1753 758 1794 Meurs.
771 1755 818 1793 ad
831 1754 1029 1807 Lycophr.
1046 1768 1084 1793 v.
1100 1768 1120 1792 2
1130 1768 1164 1807 5,
1176 1754 1360 1806 quaedam
1375 1764 1502 1798 tamen
1515 1753 1652 1793 incon-

389 1806 484 1846 sulte
498 1807 684 1854 scribens,
701 1809 786 1847 Nic.
800 1807 926 1848 Heins.
943 1808 987 1847 ad
1003 1807 1119 1848 Ovid.
1142 1808 1192 1846 A.
1210 1807 1261 1847 A.
1277 1807 1333 1857 11,
1353 1819 1421 1862 45,
1437 1806 1534 1846 Arri.
1547 1805 1652 1846 Dra-

389 1860 598 1901 kenborch.
612 1863 658 1902 ad
670 1861 734 1902 Sil.
747 1861 867 1902 Italic.
881 1862 978 1909 XII,
997 1861 1059 1914 98.
1079 1862 1242 1900 HEtvisT.

443 1918 515 1954 ead.
534 1917 557 1955 l.
573 1930 608 1968 9.
625 1916 803 1964 Σκάπτε,
823 1910 849 1955 ἶ)
864 1916 997 1966 Τίμων,
1006 1914 1086 1961 βαθ.
1100 1931 1136 1954 κ.
1150 1915 1228 1967 ἐγὼ
1241 1913 1285 1954 st
1298 1911 1362 1965 ὑμ.
1373 1911 1535 1967 ὑποστ.)
1546 1914 1651 1954 Ver-

388 1968 436 2007 ba
457 1969 590 2008 ultima
602 1982 673 2009 nec
684 1970 869 2022 interpres
880 2000 891 2017 ‚
905 1982 976 2009 nec
989 1968 1190 2022 quisquam
1203 2000 1215 2018 ‚
1233 1968 1300 2022 qui
1311 1967 1357 2007 ad
1375 1980 1420 2008 ea
1432 1968 1526 2021 quid
1542 1981 1653 2008 com-

388 2033 580 2062 mentatus
593 2022 664 2070 est,
688 2024 809 2063 immo
828 2035 877 2062 ne
897 2023 1072 2063 Thomas
1089 2022 1270 2076 Magister
1285 2022 1436 2076 quidem
1451 2022 1653 2063 intellexit.

386 2076 587 2115 Sciendum
602 2075 679 2122 est,
698 2076 852 2116 Plutum
873 2075 1058 2117 assumere
1082 2076 1145 2116 hic
1161 2075 1361 2129 personam
1382 2074 1549 2116 thesauri
1566 2075 1652 2126 sui,

388 2141 503 2182 atque
519 2131 615 2170 adeo
631 2130 774 2178 dicere,
795 2131 907 2177 Fode,
928 2131 973 2170 mi
997 2132 1135 2178 Timon,
1152 2131 1219 2168 alte
1227 2141 1426 2182 penetrans,
1443 2129 1509 2169 vel
1525 2130 1647 2183 impin-

340 2184 344 2186 *
384 2196 466 2234 gens
477 2199 492 2230 ;
511 2198 570 2235 ego
583 2199 660 2223 vero
674 2184 769 2222 vobis
777 2184 972 2238 suppositus
987 2200 1062 2230 ero,
1083 2186 1158 2224 hoc
1176 2183 1229 2223 est
1241 2214 1252 2232 ,
1269 2199 1327 2238 ego
1339 2199 1363 2223 a
1383 2184 1478 2223 vobis
1492 2182 1647 2236 ffvdiar.

385 2237 477 2276 Non
498 2238 606 2276 aliter
627 2238 721 2277 haec
739 2238 980 2290 intelligenda
999 2238 1094 2285 effe,
1113 2248 1219 2291 patet
1232 2251 1280 2277 ex
1304 2236 1647 2291 praecedentibus§

389 2305 437 2343 39
446 2321 458 2336 ‚
479 2292 545 2330 ubi
557 2291 774 2331 Mercurius
787 2291 1051 2332 adTimonem
1064 2323 1074 2340 ‚
1090 2293 1158 2331 Καὶ
1171 2291 1215 2331 σὺ
1224 2291 1290 2341 μὲν
1303 2291 1458 2331 σκάπτε
1470 2287 1517 2330 ὣς
1527 2291 1649 2345 ἔχεις·

385 2345 432 2383 ad
447 2344 599 2385 Plutum
616 2357 763 2393 autem,
785 2346 832 2385 σὺ
849 2345 892 2384 δὲ
915 2349 977 2385 τὸν
998 2349 1178 2398 &no-aufuit
1192 2343 1387 2399 ὑπάγαγε
1409 2343 1460 2394 τῇ
1476 2344 1647 2396 δικέλλῃ·

382 2395 648 2438 ὑπακούσεται
665 2402 744 2452 ’γὰρ
760 2396 984 2449 ἐμβοήσαντί
996 2415 1061 2439 σοι.
1076 2399 1151 2439 hoc
1165 2398 1240 2445 est,
1260 2399 1326 2438 ubi
1339 2411 1376 2438 te
1389 2429 1402 2444 ‚
1423 2397 1642 2446 Thesaure,

381 2453 548 2506 tetigerit
561 2453 708 2493 Timon
722 2452 791 2492 suo
814 2453 964 2505 ligone,
983 2465 1102 2506 tuque
1121 2452 1245 2492 tacius
1261 2451 1495 2500 inclamatis,
1514 2463 1646 2506 parcet

379 2506 463 2546 tibi.
480 2506 599 2560 Quae
612 2507 780 2547 notanda
795 2506 966 2560 inprimis
985 2505 1091 2556 sunt3
1111 2507 1254 2561 quippe
1272 2506 1340 2548 ubi
1359 2505 1554 2546 clarissime
1579 2517 1649 2559 pa-
