1737 3378
414 270 446 304 1,
695 250 805 297 DE
852 249 1202 310 AETATE,
1245 252 1429 301 VITA

414 360 599 408 adversa
620 359 727 405 sunt
741 393 753 415 ‚
782 376 923 420 quae,
942 360 1208 405 Lucianum
1229 362 1347 406 inter
1370 361 1524 407 Avidii
1544 356 1675 407 Caffii

414 426 654 472 familiares
670 436 946 485 cooptatum
968 425 1222 484 aliquando
1246 425 1375 470 fuisse
1389 460 1399 480 ‚
1419 442 1672 485 propemo-

418 490 534 533 dum
552 489 866 548 persuadeant.
899 489 990 533 Etsl
1010 490 1136 534 enim
1157 490 1447 535 celeberrimi
1474 490 1523 533 iis
1550 501 1674 534 tem-

1730 247 1737 300 l

1732 317 1737 337 Ι

415 553 608 613 poribus
630 553 758 597 Cassii
785 569 960 596 nomen
989 570 1089 598 raro
1121 555 1167 598 in
1196 554 1388 598 Luciani
1423 554 1605 613 (legitur
1628 555 1676 597 in
1735 559 1737 586 ἲ

416 620 604 662 traciam
623 617 817 678 quomodo
841 617 1206 679 conscribendastt
1223 618 1412 679 historia,
1429 635 1530 680 pag.
1547 617 1672 677 624.)
1731 625 1737 646 ’-

415 681 820 726 lucubrationibus
851 692 1094 740 appareat,
1127 698 1477 741 nonnunquam
1512 692 1673 725 tamen
1733 704 1737 706 ·

414 747 559 791 tacito
579 746 771 789 nomine
798 759 897 789 non
918 744 1110 790 obscure
1134 746 1298 790 Callius
1327 746 1457 805 apud
1485 761 1595 789 eum
1623 744 1675 788 sl-

415 810 622 873 gnificari
639 809 837 852 videtur.
859 808 1146 854 Crediderim
1169 810 1272 854 sane
1286 844 1299 866 ,
1315 809 1580 854 Lucianum
1599 819 1677 853 to-

416 889 464 919 ta
491 874 567 917 illa
589 877 831 928 προσλαλιᾷ,
857 888 978 931 quae
1009 873 1069 917 est
1089 874 1147 918 de
1178 873 1302 933 lapsu
1330 874 1450 918 inter
1478 874 1678 917 salutan-

418 938 538 984 dum
566 947 576 967 ¹
595 971 607 991 ,
633 937 784 996 ipsum
802 936 1029 980 Avidium
1059 938 1255 982 Gallium
1275 937 1449 981 adulari
1466 972 1478 993 ,
1508 936 1549 980 82
1570 952 1677 981 mo-

418 1002 542 1046 deste
562 1000 771 1045 excusare
793 1016 961 1045 vocem
984 1002 1187 1054 ὑγιαίνειν,
1211 1001 1337 1061 apud
1358 1017 1469 1046 eum
1500 1001 1548 1044 in
1576 1017 1677 1045 ma-

417 1067 574 1111 tutina
590 1065 863 1109 lalutatione
878 1064 1029 1108 alieno
1046 1076 1260 1124 ternpore
1280 1066 1556 1125 usurpatam.
1576 1065 1678 1109 Ho-

417 1131 597 1176 minem
619 1140 742 1173 certe
764 1129 814 1174 in
841 1128 1087 1188 praecipua
1115 1129 1339 1193 dignitate
1367 1129 1677 1174 constitutum
1736 1173 1737 1186 ¹

416 1205 620 1256 arguunt
650 1193 761 1237 haec
790 1192 983 1238 Luciani
1013 1193 1175 1238 verba:
1211 1195 1330 1256 (pag.
1361 1209 1452 1250 500
1485 1196 1526 1238 da-
1557 1194 1676 1253 501)

418 1259 515 1302 Νῦν
542 1260 580 1301 δὲ
610 1261 677 1301 καί
704 1258 814 1301 ἕωθεν
841 1260 908 1300 καὶ
938 1260 1126 1310 μεσούσης
1153 1260 1319 1313 ἡμέρας,
1350 1261 1417 1300 καὶ
1446 1261 1589 1313 νύκτωρ
1619 1257 1682 1300 ἀεὶ

420 1326 463 1366 τὸ
492 1326 673 1375 ὑγιαίνειν
697 1321 915 1374 ἀναγκαῖον
933 1324 1001 1362 καὶ
1021 1324 1201 1374 μάλιστα
1225 1322 1388 1365 ΤΟΙΣ
1421 1321 1680 1365 APXOT-

422 1388 554 1432 ΣΙΝ
572 1421 582 1436 ,
615 1390 680 1429 καὶ
711 1387 837 1428 πολλοὶ
868 1386 1100 1441 πράττουσιν
1131 1388 1243 1439 ὑμῖν,
1272 1389 1347 1437 ὅσῳ
1379 1389 1445 1428 καὶ
1473 1388 1560 1442 πρὸς
1589 1393 1681 1429 πολ-

422 1455 479 1496 λεὶ
509 1454 658 1496 δεῑσῢοιι
694 1454 764 1492 τσῦ
797 1453 991 1502 σώματος.
1028 1449 1155 1493 Nunc
1189 1465 1282 1494 vero
1321 1450 1360 1492 dr
1394 1466 1517 1493 mane
1549 1451 1680 1493 ‘meri-

419 1518 486 1561 die
510 1518 708 1575 nobilique
735 1514 830 1556 bene
852 1513 1172 1576 valeresemper
1195 1514 1344 1573 neceffe
1368 1514 1447 1573 cst:
1485 1515 1678 1576 inprimis

419 1597 515 1627 vero
535 1578 794 1641 principibus
811 1577 948 1623 vobis,
973 1580 1043 1639 qui
1065 1578 1201 1621 multa
1221 1579 1392 1636 negotia
1411 1579 1589 1637 geritis‚
1612 1593 1680 1621 eo-

421 1661 498 1709 que
526 1643 583 1687 ad
597 1642 734 1686 multa
745 1640 857 1700 sano
879 1657 1045 1704 corpore
1071 1658 1170 1704 opus
1195 1641 1366 1685 habetis.
1395 1640 1516 1686 Sunt
1537 1639 1577 1685 8c
1593 1641 1678 1685 alia

423 1707 656 1768 quaedam
672 1739 684 1760 ,
705 1721 826 1764 quae
848 1704 896 1748 in
915 1706 1078 1749 eadem
1101 1705 1309 1750 oratione
1331 1704 1558 1751 Avidium
1576 1705 1681 1751 Cas-

420 1774 539 1817 sium
557 1771 751 1814 innuere
767 1768 1042 1826 videantur,
1068 1770 1171 1826 cui,
1199 1782 1454 1830 antequam
1473 1787 1498 1814 a
1515 1770 1678 1816 Marco

422 1834 682 1890 defecisset,
716 1834 807 1877 iam
838 1833 1098 1890 Lucianus,
1134 1845 1188 1878 ut
1217 1846 1364 1893 puto,
1395 1834 1675 1880 adhaeserat.

421 1900 642 1947 Eiusdem
671 1909 903 1958 praeterea
937 1903 1081 1942 σύνεσιν
1109 1902 1177 1942 καὶ
1200 1899 1373 1955 ἀνδρείαν
1399 1902 1469 1943 καὶ
1501 1901 1679 1953 μεγαλό-

418 1983 522 2010 νοιαν
544 1981 569 2008 a
590 1964 797 2008 Luciano
818 1963 940 2024 (pag.
960 1963 1077 2021 489)
1099 1961 1418 2006 commendari
1437 1963 1606 2022 opinor
1625 1963 1678 2008 in

419 2028 651 2090 Apologia
681 2044 766 2088 pro
793 2026 1008 2072 mercede
1037 2022 1303 2082 condut‘iis,
1336 2042 1456 2085 quae
1485 2027 1602 2072 circa
1627 2043 1681 2073 ea

417 2106 632 2154 tempora
663 2093 827 2152 scripta
864 2091 955 2146 est,
996 2090 1168 2149 quibus
1206 2090 1298 2134 iam
1329 2090 1523 2136 Avidius
1563 2107 1676 2136 cum

421 2158 628 2204 exercitu
647 2157 728 2202 suo
750 2155 990 2200 defecerat.
1015 2155 1141 2199 Haec
1169 2154 1295 2199 enim
1311 2171 1409 2199 non
1427 2155 1506 2200 abs
1524 2172 1572 2201 re
1590 2156 1677 2200 mi-

476 2259 490 2283 1
520 2247 613 2296 Πρδς
629 2242 873 2288 Ἀσκλήπιον,
895 2241 930 2280 id
945 2240 1020 2291 est,
1079 2241 1353 2281 Bourdelotius
1364 2270 1375 2288 ‚
1391 2239 1452 2280 sed
1468 2239 1587 2294 ipsum
1600 2241 1679 2282 Ae.

416 2300 463 2339 ad
497 2298 688 2352 quendam
719 2296 989 2349 Aesculapium
1006 2327 1019 2343 ,
1078 2295 1291 2349 sculapium
1305 2295 1523 2335 Medicinae
1544 2295 1682 2336 inven-

416 2352 592 2406 scriptam
605 2351 713 2391 fuiffe
725 2350 1019 2391 crediditssour-
1079 2360 1205 2389 torem
1235 2349 1453 2402 alloquitur.
1479 2349 1619 2402 Neque
1641 2350 1681 2390 id

415 2407 589 2446 delotius.
628 2407 682 2445 At
710 2405 808 2444 male
834 2403 1019 2443 intellexit
1079 2401 1680 2456 observarem,nissnuperBour-

404 2461 587 2500 'ultimam
603 2460 671 2499 τῆς
692 2455 930 2510 προσλαλιᾶς
953 2470 1018 2510 pe·
1077 2457 1208 2497 delotii
1237 2455 1380 2509 lapsum
1410 2457 1499 2496 viro
1524 2456 1680 2496 cuidam

413 2515 568 2554 riodum
585 2544 598 2560 ‚
633 2525 734 2566 quae
771 2525 848 2551 non
886 2510 1017 2550 Ascle·
1077 2509 1439 2550 celebri&erudito
1459 2509 1580 2551 fraudi
1592 2509 1682 2559 fuis«,

414 2569 547 2621 pium,
570 2580 686 2621 quem
719 2566 779 2607 hic
805 2565 872 2605 fibi
905 2564 1018 2605 finxit
1075 2563 1113 2604 se
1136 2561 1489 2604 animadvertissem.
