1737 3378
327 228 429 273 IN
494 226 1056 273 NIGRINUM.
1227 247 1312 295 275

58 319 201 371 quibus
225 329 382 359 cautum
397 348 410 364 ,
439 330 488 358 ne
509 318 550 356 in
573 317 710 357 tabulis
734 317 946 356 testamenti
972 318 1176 371 quidquam
1203 320 1322 373 elogii

58 373 202 414 famam
223 373 377 412 alterius
393 371 576 418 laederet,
600 370 669 409 nlsl
692 370 872 418 suorum,
892 383 992 422 quos
1011 371 1242 412 exheredare
1267 376 1321 414 le-

59 439 127 479 ges
153 425 419 480 permittebant
445 437 533 464 cum
556 424 711 476 elogio?
744 423 864 475 Quae
890 423 1028 476 species
1051 426 1321 476 prohibitionis

57 479 101 521 in
113 478 292 527 Graecis,
306 478 444 518 nedum
461 477 570 516 talis?
587 477 708 515 immo
722 489 821 528 quae
839 475 991 515 forrasse
1008 490 1204 530 nunquam
1225 494 1321 520 con-

55 534 169 585 tigit?
192 533 293 572 Nam
314 531 422 584 quod
447 531 492 570 de
511 528 695 569 consensu
722 529 766 568 Is.
789 528 1009 569 Casauboni
1028 532 1112 569 iacit
1126 561 1137 575 ‚
1158 543 1319 583 vereor,

57 598 108 626 ne
131 587 239 625 aliter
255 584 435 624 omnibus
454 584 649 631 videatur,
666 583 734 635 qui
761 584 880 622 modo
903 582 1131 634 inspexerint
1145 584 1321 626 lucubra.

55 639 184 679 tiones
212 638 339 690 magni
364 638 446 676 eius
467 637 551 676 viri.
576 636 647 675 Sed
671 649 797 688 neque
814 635 1041 676 Benedietus
1066 638 1186 684 bene,
1214 656 1253 678 ne
1275 657 1319 679 ex

47 693 119 744 fita
141 693 275 731 veritate
296 693 456 730 damnum
476 690 626 741 capiant.
649 689 762 728 Plane
781 690 883 728 enim
903 690 1093 729 Lucianus
1119 692 1202 730 vult
1225 706 1320 732 con-

57 746 216 785 trarium
228 775 241 791 ,
263 757 402 797 nempe
419 744 624 783 Romanos
646 754 732 782 tota
748 743 831 782 vita
854 756 942 782 cum
959 743 1133 782 simulate
1151 747 1321 796 egerint,

57 811 197 838 veram
216 811 332 838 unam
350 809 489 836 vocem
510 797 620 837 edere
633 797 670 835 in
683 796 934 843 testamentis,
954 811 1004 835 ne
1018 810 1065 836 ex
1085 798 1156 836 hac
1171 800 1235 837 sua
1252 814 1321 839 ve-

59 853 174 892 ritate
205 852 448 904 voluptatem
479 851 663 904 capiant:
695 850 772 890 hoc
802 850 881 895 est,
916 863 963 889 ne
989 850 1072 902 post
1101 864 1184 890 eam
1216 854 1323 892 veri-

57 907 149 946 tatis
174 906 237 945 vel
263 905 399 945 mentis
425 903 514 944 suae
537 903 765 943 veriffimam
788 903 1058 956 profeffionem
1089 905 1320 956 patefastam

57 960 194 1013 (quod
212 958 256 998 fit
283 959 493 1012 aperiendo
514 955 763 1004 testamento,
794 970 918 1010 neque
945 958 981 996 id
1010 960 1223 1011 contingit,
1249 960 1320 999 nist

57 1013 145 1066 post
168 1023 331 1052 mortem
356 1012 571 1059 testatoris,
594 1022 637 1050 ut
664 1024 742 1050 non
766 1011 914 1058 videat,
938 1024 1016 1050 non
1047 1012 1201 1059 sentiat,
1229 1015 1320 1065 quid

55 1068 179 1107 animi
204 1065 249 1105 fit
272 1066 360 1114 illis,
382 1066 524 1117 quibus
540 1065 722 1117 laqueum
746 1075 811 1103 aut
835 1063 1028 1103 infamiam
1051 1066 1222 1119 legavit)
1245 1069 1322 1107 lae—

55 1121 130 1159 tari
157 1119 297 1174 poffint
318 1132 367 1158 eo
389 1118 509 1167 faeno,
535 1118 641 1170 quod
666 1118 864 1157 inimicum
887 1117 957 1156 ulti
982 1118 1052 1157 smt
1075 1133 1118 1158 ac
1147 1120 1320 1161 laeserint

57 1174 163 1213 malo
186 1186 310 1220 voto,
333 1185 458 1224 neque
479 1171 507 1211 fi
528 1172 589 1210 ille
609 1183 811 1224 propterea
833 1171 978 1219 doleat,
1005 1172 1055 1211 illi
1079 1185 1169 1212 eum
1189 1175 1322 1213 dolen-

55 1237 136 1267 tem
160 1226 326 1279 spe&are
354 1224 504 1279 poffint.
525 1226 632 1264 Haec
649 1225 806 1277 simplex
826 1225 867 1264 δε
890 1224 970 1277 ipla
989 1225 1145 1265 Luciani
1166 1227 1321 1267 senten-

55 1283 120 1321 tia.
142 1281 242 1320 Nam
266 1292 336 1319 c-ur
354 1277 559 1318 ἀπολαύειν
587 1277 740 1318 sumunt
761 1279 801 1317 in
824 1278 961 1317 malam
989 1282 1157 1331 partem?
1180 1281 1319 1334 Neque

55 1334 144 1374 hinc
167 1334 270 1374 abire
288 1333 401 1381 libet,
421 1334 516 1386 quin
537 1332 651 1371 alium
675 1332 805 1372 locum
828 1345 892 1385 per
917 1332 1074 1372 eandem
1094 1334 1190 1373 hanc
1205 1335 1320 1375 iaaa-

54 1389 202 1429 tionem
215 1387 436 1439 ambiguum
454 1398 606 1439 tangam
618 1415 629 1434 ‚
643 1386 709 1438 qui
722 1385 775 1425 est
796 1387 833 1425 in
846 1386 1016 1426 Timone
1036 1387 1053 1436 §
1070 1402 1090 1425 2
1101 1417 1113 1433 ‚
1128 1389 1193 1440 qui
1208 1388 1258 1428 [ις
1271 1390 1319 1429 ad

58 1441 215 1483 Iovem:
229 1439 322 1480 οὕτω
335 1440 451 1480 δειλόν
465 1455 548 1479 τινα
560 1440 885 1480 ἐπανατείνασῧαι
899 1439 1022 1479 δοκεῖς
1032 1437 1175 1490 αὐτοῖς,
1186 1439 1234 1481 ὦς
1243 1442 1322 1494 cvr-J?

49 1496 122 1547 μὲν
145 1496 161 1536 ἶν’
185 1498 322 1535 καπνὸν
339 1495 410 1535 ἀπ’
429 1489 545 1532 αὖτοῦ
560 1494 615 1545 μὴ
636 1492 820 1538 sesami,
838 1492 943 1542 μόνον
962 1492 1007 1531 δὲ
1033 1493 1143 1533 τοῦτο
1171 1496 1319 1536 οἴεσθαι

54 1549 265 1590 ἀπολαύειν
279 1546 346 1588 τοῦ
361 1546 596 1601 τραύματος,
606 1546 662 1587 ὅτι
679 1544 1043 1587 &nemmem-numi
1059 1546 1124 1587 τοῖς
1136 1548 1321 1593 άσβᾶλου·

56 1604 124 1644 ubi
145 1603 347 1649 Erasmus,
369 1617 484 1641 verum
511 1603 573 1640 hoc
589 1602 702 1652 solum
729 1601 875 1640 vulneris
895 1600 1010 1651 inferri
1027 1602 1122 1654 poffi
1146 1604 1317 1651 iudicent,

8 1677 17 1684 ·
54 1657 257 1711 utficligt'ne
282 1657 519 1709 compleantur.
545 1655 646 1695 Tan.
673 1655 819 1702 Faber,
847 1656 971 1707 hocque
995 1670 1096 1693 unum
1120 1671 1161 1694 ex
1184 1659 1318 1697 vulnere

38 1712 183 1752 'malum
200 1712 268 1763 fibi
288 1712 434 1750 accidere
451 1709 656 1762 existiment,
678 1708 920 1761 quodfitlz'gt'ne
941 1710 1135 1760 operiantur
1153 1721 1252 1762 atque
1266 1713 1319 1750 in—

52 1757 243 1818 qicinentur.
274 1764 410 1816 Quam
447 1763 799 1815 interpretationem
829 1761 884 1802 est
910 1761 1036 1808 alius,
1070 1763 1134 1814 qui
1167 1776 1317 1815 praeter

53 1820 151 1859 duas
168 1818 379 1873 postremas
404 1829 525 1858 voces
548 1817 687 1869 repetit
704 1846 718 1862 ,
748 1815 789 1854 &
809 1814 878 1854 sub
903 1816 1016 1855 titulo
1038 1815 1319 1858 observationis

0 1871 2 1892 ³
53 1884 171 1926 negat
197 1874 243 1912 ‘rb
271 1870 425 1924 τραῦμα
449 1871 525 1910 hoc
554 1870 644 1910 loco
675 1871 886 1909 convenire
902 1899 914 1916 ,
941 1881 1032 1908 cum
1065 1868 1232 1922 fuliginis
1251 1872 1319 1912 fiat

53 1928 227 1973 mentio,
249 1926 349 1965 unde
368 1926 481 1964 etiam
502 1923 624 1963 statim
647 1923 683 1963 se
705 1923 830 1975 legere
851 1924 905 1962 ait
921 1921 1132 1973 καύματος,
1154 1923 1320 1965 fulmen-

55 1994 134 2033 que
158 1982 199 2021 δι
213 1979 342 2032 fulgur
363 1979 522 2018 adurere
544 1978 583 2018 &
603 1977 768 2017 ustulare
786 1977 858 2016 dici
875 1987 997 2016 notat.
1018 1977 1090 2016 Sed
1111 1978 1273 2025 mirum,
1288 1978 1317 2018 fi

53 2034 120 2075 vel
147 2033 368 2074 sententiam
394 2033 458 2073 vel
484 2032 709 2085 elegantiam
744 2031 858 2070 huius
882 2030 961 2070 loci
990 2031 1073 2070 ullo
1096 2044 1234 2083 genere
1263 2032 1319 2072 ase

53 2086 248 2141 sequatur.
279 2086 362 2126 Cur
384 2088 486 2125 enim
512 2087 554 2126 &
578 2086 639 2125 ille
660 2087 702 2125 ἃ
725 2086 871 2136 priores
890 2084 1098 2123 ἀπολαύειν
1120 2087 1319 2139 accipiunt

53 2139 96 2180 in
125 2142 294 2187 malum,
327 2141 369 2180 δι
391 2141 436 2179 ad
469 2140 643 2178 homines
673 2139 899 2178 fulminatos
919 2138 1137 2190 applicant,
1171 2153 1251 2179 non
1277 2141 1317 2179 in

55 2197 253 2249 propriam
283 2195 485 2233 notionem
509 2193 870 2245 volumariamque,
904 2203 947 2230 ut
968 2190 1098 2244 paffim
1124 2191 1242 2240 solet,
1269 2205 1314 2232 ac

55 2262 150 2289 mox
171 2249 363 2296 vidimus,
384 2246 427 2285 δι
448 2246 577 2286 rursus
595 2248 632 2285 in
650 2245 731 2299 ipso
748 2245 825 2284 hoc
843 2245 1033 2291 Timone-5
1051 2244 1117 2284 ubi
1136 2247 1218 2297 pari
1233 2260 1318 2286 mo-

55 2303 108 2342 do
133 2302 258 2343 ἱκανὴν
278 2301 491 2341 ἀπόλαυσιν
513 2300 710 2351 οἰομένους,
733 2310 857 2351 atque·
875 2297 943 2349 ipsi
963 2298 1050 2337 Iovi
1073 2300 1313 2347 attribuunt,

56 2366 100 2396 ut
112 2355 268 2409 prorsus
283 2354 491 2394 debebant?
515 2353 565 2392 fic
579 2355 681 2393 enim
700 2351 970 2406 elegantiffima
985 2353 1109 2391 ironia
1129 2354 1317 2406 accipien-

54 2409 171 2449 dum:
193 2411 351 2449 haHenus
372 2421 483 2447 autem
511 2407 603 2460 (vel
629 2407 665 2446 in
691 2408 752 2446 lzoc
768 2407 868 2458 βία,
893 2409 942 2445 ad
963 2406 1024 2444 hoc
1037 2407 1180 2459 solum)
1203 2408 1315 2460 existi-

56 2476 153 2503 mant
177 2477 206 2502 te
219 2465 296 2515 frui
315 2462 469 2508 vulnere,
493 2459 760 2514 (voluptatem
785 2473 920 2513 capere
944 2473 993 2500 ex
1011 2460 1112 2499 iaetu
1127 2459 1315 2507 fulminis,

54 2529 136 2569 quo
154 2516 285 2570 stolide
306 2527 417 2571 putas
428 2529 486 2564 ‚o
508 2513 700 2568 Iuppter,
720 2515 792 2554 illis
815 2527 932 2567 grave
945 2514 1088 2607 vufflnus
1109 2528 1130 2553 a
1143 2525 1181 2554 te
1200 2513 1315 2555 infer-

1049 2581 1069 2605 2
