1737 3378
265 227 369 278 ΙΝ
440 229 1173 307 ΗΑΙΛΥΟΝΕΜ..
1233 239 1331 296 '445'

62 329 106 358 re
121 315 285 357 amiffam
298 316 438 358 sociam
451 317 609 370 lugubri
620 329 721 357 voce
731 316 915 370 deploret.
935 316 1011 355 Alii
1027 318 1173 370 cerylum
1194 316 1241 357 ab
1256 318 1333 357 Izal-

65 373 184 410 cedone
202 372 417 411 discernunt
430 400 440 417 ‚
463 371 522 410 sed
543 382 670 410 tamen
685 371 730 409 de
748 371 882 410 eodem
907 383 1045 422 genere
1064 370 1138 410 effe
1152 370 1333 414 statuunt-⁴

66 425 224 464 Aristot.
240 425 286 464 de
300 424 442 464 Histor.
456 424 584 463 Anim.
599 423 715 470 VIII,
733 437 764 463 c.
787 439 823 476 3,
845 425 957 462 etiam
980 424 1133 463 videtur
1149 425 1332 465 discerne-

65 490 108 517 re
123 478 173 517 ab
189 478 462 517 halcedonibus
473 492 485 525 3
509 487 675 516 attamen
695 478 855 515 eundem
871 478 1001 516 locum
1022 478 1061 516 &
1075 478 1218 517 vicium
1235 480 1334 518 utri-

65 544 141 584 que
164 531 312 571 tribuit.
335 530 442 571 Gaza
469 533 621 570 carulum
645 531 770 569 vertit.
799 529 946 569 COGN.
975 530 1038 569 De
1062 531 1269 582 Halcyone
1289 533 1333 573 δε

67 584 289 636 Alcedoniis
312 584 567 638 copiofiffime
589 583 714 634 Ulyff.
740 583 978 622 Aldrovand.
998 583 1154 624 Ornith.
1181 587 1276 634 XX,
1298 600 1334 627 c.

65 639 133 678 60.
155 637 192 677 Is
206 652 242 691 p.
260 652 301 690 51
313 653 327 677 1
341 669 354 689 ‚
371 639 439 678 ubi
460 639 505 678 de
527 639 601 677 hoc
615 636 756 690 scripto
771 638 1007 684 mentionem
1022 636 1110 677 facit
1124 669 1136 685 ,
1155 652 1242 678 cum
1265 639 1333 679 ista

66 691 220 731 chartae
232 692 457 739 mandabat,
477 691 646 744 (Varinus
670 690 811 741 eiusdem
835 690 1092 744 (Halcyonis)
1114 692 1333 744 Pausaniam

68 750 230 785 auderem
242 744 356 797 facere
375 747 527 784 videtur:
549 761 628 784 nam
651 745 687 782 in
708 760 788 783 voce
811 742 967 795 Kr'vva5
987 744 1199 795 Pausaniam
1212 746 1334 798 scribit

66 799 245 851 condzffiffe
260 798 479 851 Halcyones)
493 799 530 836 in
554 811 726 838 errorem
741 798 867 838 incidit
891 810 969 838 non
985 799 1241 838 mediocrem:
1263 801 1335 853 qui

67 851 179 893 facile
198 852 323 906 potest
338 852 585 905 deprehendi,
600 852 628 890 fi
648 853 733 904 quis
749 852 964 891 meminerit
975 881 987 896 ,
1009 864 1058 890 ex
1069 852 1270 893 Eustathio
1286 854 1336 893 ad

66 905 111 944 11.
134 907 176 952 Ι,
197 919 234 959 p.
255 906 355 957 776,
380 905 454 945 effe
478 907 678 958 depromta
691 936 701 952 ‚
727 918 826 958 quae
845 904 1088 945 Phavorinus
1109 906 1271 947 Camers
1291 908 1333 946 in

69 959 239 999 Lexicon
259 959 386 999 retulit
400 960 437 998 in
457 959 690 999 Ἃλκυονίὲες
707 957 847 1011 ἡμέραι·
863 971 950 998 nam
964 959 1012 998 ad
1025 972 1165 999 vocem
1180 957 1334 1013 Κήρυλος

67 1013 158 1052 nihil
177 1013 316 1052 horum
330 1013 458 1053 simile.
476 1012 620 1052 Ansam
639 1022 770 1052 autem
783 1013 932 1052 labendi
945 1013 1038 1052 haec
1050 1013 1232 1053 dederunt
1245 1028 1336 1054 ver-

68 1067 134 1106 ba:
157 1068 287 1106 Ἰστέον
306 1067 349 1106 Σὲ
365 1067 422 1106 ὅτι
445 1066 589 1119 κήρυλοι
616 1068 721 1106 κατὰ
737 1068 959 1106 Παυσανίαν
975 1066 1010 1106 ἐν
1028 1065 1208 1107 ἀλκυόσιν
1226 1069 1333 1121 ἀῤῥε-

69 1134 127 1161 νες
152 1121 228 1160 &c.
255 1121 458 1160 Pausanias
481 1121 542 1160 ille
563 1119 858 1160 vocabularium
882 1120 1092 1160 diffionum
1113 1121 1335 1162 Atticarum

70 1174 258 1223 confecit,
280 1175 390 1214 cuius
408 1174 476 1214 etsi
496 1174 707 1227 permulta,
724 1174 861 1214 vellem
878 1185 1005 1214 tamen
1026 1187 1098 1227 pro
1113 1173 1188 1215 suis
1207 1176 1335 1228 multo

68 1228 179 1282 plura
197 1227 437 1282 descripfiffet
459 1228 645 1267 verbosus
666 1228 831 1267 Homeri
843 1227 1151 1267 Commentator.
1169 1231 1337 1270 HEMST.

123 1285 196 1320 ead.
220 1283 244 1320 I.
267 1296 303 1330 4.
320 1282 447 1320 Αἰόλου
463 1278 705 1322 τοῦἽΞλληνος
719 1281 936 1334 ἔδυγατέροι)
957 1282 1195 1334 Augustinus
1207 1283 1336 1323 Datus

69 1347 159 1376 cum
176 1335 383 1375 Benedicto
395 1366 407 1383 ,
424 1336 528 1375 Aeoli
541 1336 665 1383 Graeci
678 1336 804 1387 filiam.
826 1335 973 1374 Scilicet
987 1347 1029 1374 ut
1044 1336 1173 1388 plures
1185 1337 1230 1375 ad
1247 1351 1338 1378 ver·

69 1390 119 1429 ba
137 1390 360 1438 attendunt,
383 1402 463 1429 non
482 1390 527 1429 ad
548 1402 629 1429 rem
643 1390 708 1429 vel
723 1389 882 1429 Luciani
905 1389 1148 1436 sententiam,
1173 1392 1242 1444 qui
1262 1404 1338 1432 vo-

71 1443 172 1482 lebat
185 1445 285 1482 aiunt
297 1443 460 1482 mulierem
475 1446 661 1497 quondam,
677 1444 780 1481 Aeoli
790 1444 904 1494 filiam
914 1473 928 1490 ,
941 1444 1094 1482 Hellenis
1103 1458 1229 1496 neptem
1239 1476 1250 1493 ‚
1269 1445 1336 1485 vel

69 1509 120 1536 ex
139 1497 272 1537 Ovidii
295 1497 396 1537 libro
422 1497 477 1537 XI
497 1498 657 1537 Metam.
681 1497 748 1536 ubi
771 1497 981 1548 Halcyone
1003 1509 1168 1537 vocatur
1191 1500 1337 1546 Aeolis,

69 1551 135 1591 vel
160 1564 209 1591 ex
221 1551 466 1606 Dicaearcho
480 1581 492 1597 ‚
515 1552 624 1591 cuius
643 1551 762 1590 verba
781 1550 883 1590 sunt:
903 1548 922 1591 ri
942 1553 1022 1604 ’γὰρ
1043 1550 1178 1591 Ἑλλὰς
1198 1555 1239 1591 το
1255 1568 1337 1593 ποι-

69 1607 178 1644 λοιὼν
199 1606 296 1644 οὑσέι
315 1619 410 1644 ’ποτε
431 1604 542 1645 πόλις
558 1605 627 1654 ἀφ’
643 1600 809 1645 Ἕλληνος
824 1602 890 1643 τοῦ
913 1606 1042 1643 Αἰόλου
1058 1605 1184 1646 ἐκλήθη
1204 1621 1248 1646 τε
1268 1607 1337 1646 καὶ

0 1704 1 1711 ¹
70 1659 239 1700 {mican-
253 1671 352 1712 quae
375 1660 525 1698 locutio
550 1671 631 1698 non
648 1660 773 1698 minus
792 1669 924 1705 notat,
941 1670 1089 1711 patrem
1102 1660 1217 1699 Aeoli
1229 1660 1337 1701 fuiffe

70 1712 257 1760 Hellena,
275 1726 390 1766 quam
412 1712 547 1752 filium.
574 1712 783 1752 Contrario
803 1713 922 1751 modo
945 1713 1165 1766 impingunt
1184 1714 1220 1752 in
1236 1716 1338 1754 Her-

70 1767 237 1807 motimo
259 1767 276 1816 §
295 1781 343 1820 39
359 1768 482 1806 verba
497 1767 647 1807 Graeca
667 1762 847 1818 Edoevspis
851 1781 890 1804 ου
906 1766 972 1804 τοῦ
992 1767 1130 1806 Ἠλείου
1149 1768 1337 1821 interpre-

69 1831 192 1860 tantes
216 1823 444 1866 Evandrida‚
481 1823 558 1860 Elei
570 1821 672 1872 filio,
700 1833 789 1859 cum
811 1821 952 1872 patria,
975 1833 1056 1859 non
1074 1832 1183 1874 pater
1201 1822 1339 1862 descri-

70 1875 193 1915 batur.
220 1874 364 1915 GRON.
387 1875 557 1914 Aeolum
581 1875 706 1920 hunc,
729 1886 773 1913 ut
792 1875 897 1913 vides
911 1904 921 1919 ‚
942 1873 1065 1913 filium
1088 1876 1258 1916 Hellenis
1282 1875 1338 1917 fa·

70 1930 145 1969 cit:
162 1929 218 1968 uti
243 1929 565 1982 &Apollodorus
587 1942 622 1981 p.
651 1942 718 1973 11,
738 1928 762 1967 l.
791 1929 847 1967 16.
872 1928 975 1967 Vide
1000 1929 1114 1967 etiam
1139 1929 1272 1969 Iambl.
1300 1943 1339 1971 n.

74 1997 164 2032 242.
189 1983 338 2035 Hygin.
362 1983 404 2021 F.
426 1983 590 2022 CXXV.
612 1981 725 2021 Alius
740 1981 862 2034 vulgo
886 1983 1080 2034 Hippotae
1101 1981 1201 2022 filius
1223 1985 1340 2023 tradi-

70 2047 158 2083 tur,
184 2037 379 2089 Hippotae
401 2049 449 2076 ex
471 2035 547 2075 filia
571 2048 703 2088 nepos.
723 2035 880 2075 SOLAN.
903 2035 1076 2075 Aeolum
1100 2037 1269 2077 Hellenis
1292 2037 1340 2077 fi-

70 2091 165 2131 lium
188 2103 322 2129 omnes
342 2089 740 2129 faciunt'Scholiastae
755 2101 905 2129 veteres
918 2089 1086 2129 Theocr.
1099 2092 1147 2129 ad
1165 2091 1246 2130 Eid.
1262 2091 1342 2141 ΙΙΙ,

72 2143 851 2250 ὓῖὴίἲέἓῗὶἓγὲῗξῐῇᾛἓοῑιΑξὲΙζ
866 2143 1344 2251 {33323011553’522222

72 2251 174 2291 filius
197 2251 246 2291 ab
261 2251 337 2291 hoc
357 2251 412 2291 est
435 2249 602 2290 diversus
615 2279 626 2298 ,
646 2262 690 2289 ut
708 2252 827 2303 liquet
844 2264 893 2290 ex
913 2250 1097 2290 Diodoro
1117 2250 1189 2290 Sic,
1211 2253 1284 2300 lv,
1301 2267 1342 2305 p.

78 2304 173 2353 1883
195 2306 241 2345 ad
254 2319 371 2357 quem
382 2305 691 2344 Rhodomannus
707 2306 906 2343 contexuit
924 2305 1176 2344 Aeolidarum
1196 2304 1343 2347 seriem.

74 2358 329 2405 Dicaearchi,
355 2358 721 2412 quem-Gronovius
736 2359 860 2397 attulit
875 2390 885 2407 ‚
907 2358 1015 2397 locus
1035 2359 1088 2397 est
1109 2371 1339 2412 corruptus:

73 2412 226 2452 Salmas.
247 2413 293 2452 de
311 2413 354 2451 L.
377 2413 477 2452 Hell.
503 2426 539 2472 p.
561 2426 631 2465 355
647 2412 846 2459 ,Ἕλληνος
869 2409 933 2450 τοῦ
954 2414 1208 2452 Δευκαλίωνος
1227 2427 1344 2467 repo-

74 2467 241 2506 nendum
257 2466 391 2505 sancit:
416 2465 575 2505 Palmer.
591 2465 661 2505 Gr.
677 2466 725 2504 A.
741 2480 777 2519 p.
795 2465 817 2504 8
831 2497 842 2513 ‚
858 2465 1069 2506 Gronovio
1085 2468 1268 2519 praeivit,
1287 2470 1344 2506 in-

72 2516 393 2574 telligendumque
418 2520 546 2560 statuit
565 2515 735 2561 ἽΞλληνος
756 2523 900 2571 πατρὸς
924 2518 991 2560 τοῦ
1015 2520 1157 2561 Αἰόλου·
1179 2533 1338 2571 verum,
