1775 3383
231 240 444 288 SCRIP
465 237 743 316 TJSQUE
786 235 1132 287 LUCIANI.
1224 252 1333 288 x111

136 351 328 396 Politiae
363 352 499 396 etiam
535 349 576 395 84*
599 349 918 394 oeconomiae
949 348 1177 394 studiosus
1209 349 1329 406 fuit,

74 415 212 475 quod
231 416 355 460 idem
376 416 536 473 scripta
562 413 655 457 eius
676 413 918 458 testanturz
946 425 1000 457 ut
1020 429 1130 459 cum
1148 416 1244 477 jam
1263 415 1330 459 se-

70 480 204 536 nior,
231 479 361 539 quod
380 478 533 523 scribit
557 477 665 521 Gelb.
692 476 938 536 Cognatas,
963 477 1011 521 in
1032 480 1184 522 aulam
1206 479 1246 522 &⁶
1265 479 1331 524 fa·-

69 545 248 589 miliarn
271 542 522 588 Caesarisse
545 540 837 597 contulisset,
863 541 1172 586 procuratoris
1197 544 1330 588 Prin-

71 609 186 668 cipis
205 607 531 652 conditionem
551 605 790 664 acceperit.

134 671 284 740 Quod
300 670 359 714 ad
378 670 757 714 exercitationem
770 704 782 724 ,
813 668 974 714 docuit
991 670 1094 714 viva
1111 687 1226 715 voce
1240 706 1252 723 ,
1286 672 1326 716 Sc

68 736 240 796 scriptis
258 735 463 780 similiter
479 734 704 778 inclaruit.
731 733 899 778 Adhuc
916 734 1135 779 iuvenem
1154 737 1202 779 in
1220 735 1327 780 Gal-

68 802 156 856 lia,
183 798 223 843 8<
243 800 336 844 aliis
358 799 406 843 in
430 799 541 843 locis
559 799 853 843 Rhetoricam
879 797 1132 858 professum
1153 799 1195 843 se
1216 799 1328 855 effe,

64 864 260 924 ipsemet
281 864 488 908 testatur:
525 879 622 922 quo
644 879 742 907 non
760 863 1038 908 succedente
1055 897 1068 919 ,
1093 875 1144 908 ut
1166 864 1326 910 suidas

64 930 169 974 vult
184 963 196 984 ,
216 928 275 973 ad
294 927 595 972 scribendum
619 927 662 971 se
692 928 904 972 contulit.

130 992 252 1037 Sunt
279 1004 438 1036 autem
463 992 558 1036 eius
579 992 743 1051 icripta
764 1008 908 1050 quarn
937 991 1168 1052 plurima,
1202 1008 1327 1050 quo-

63 1073 171 1113 rum
199 1056 348 1102 causas
381 1072 542 1101 omnes
574 1066 747 1115 quanta
773 1056 931 1100 licebit
957 1057 1182 1101 brevitate
1207 1073 1329 1101 enu-

15 1161 21 1165 .
65 1122 362 1166 merabimus.
394 1121 517 1164 Finis
537 1120 727 1165 illorum
752 1119 839 1165 suit
859 1122 1019 1165 veritas
1039 1120 1079 1164 8c
1096 1121 1239 1165 virtus
1261 1121 1328 1165 as-

65 1186 281 1242 serenda,
302 1184 342 1229 8c
370 1198 424 1230 ut
447 1186 523 1229 vel
543 1183 628 1229 suis
657 1185 815 1229 saltem
844 1186 1034 1230 monitis
1060 1184 1330 1229 exorbitans

61 1251 330 1295 humanum
359 1265 502 1313 genus
533 1249 582 1294 in
614 1250 735 1295 viam
765 1250 966 1307 rediret,
1000 1249 1040 1293 85
1072 1250 1227 1310 sapere
1255 1249 1327 1294 di-

62 1316 216 1360 sceret.

127 1378 291 1424 Verbis
323 1379 380 1424 ad
412 1378 499 1424 hoc
527 1377 632 1424 usus
663 1379 754 1434 est,
791 1395 904 1424 cum
936 1378 1122 1423 Asianus
1154 1377 1328 1435 fuerit,

61 1444 183 1488 tersis
204 1479 216 1500 ,
253 1445 442 1505 ingenio
474 1459 524 1488 ac
560 1444 770 1488 moribus
808 1444 894 1487 luis
929 1444 1323 1506 congruentibus:

62 1520 157 1553 tam
179 1520 284 1569 apta
304 1509 519 1553 facilitate
538 1542 551 1565 ,
576 1521 629 1552 ut
654 1525 962 1553 communem
979 1509 1209 1566 loquendi
1230 1510 1326 1552 ele⁴

63 1574 267 1635 gantiam
296 1574 415 1617 miro
439 1572 640 1618 successu
667 1572 958 1632 expresserit,
988 1573 1222 1631 rebusque
1252 1573 1327 1617 di·-

60 1637 222 1682 cendis
248 1637 613 1683 accommodarit
628 1672 639 1692 ,
676 1649 729 1681 ut
749 1636 789 1681 82
810 1638 876 1681 his
897 1638 1031 1681 simul
1051 1637 1089 1680 Sc
1108 1637 1157 1681 iis
1175 1633 1324 1683 lectoc

61 1716 229 1764 magna
263 1703 406 1747 animi
439 1703 683 1761 voluptate
717 1701 1042 1761 perfundatur.
1084 1703 1139 1744 In
1175 1701 1323 1746 forma

60 1766 291 1812 scribendi
325 1767 528 1811 Platonis
559 1767 833 1826 exemplum
867 1766 1072 1820 secutus,
1102 1765 1325 1827 Dialogos

59 1831 259 1892 scripsit,
295 1831 466 1891 quibus
494 1847 563 1875 res
590 1831 682 1891 ipsa
713 1846 800 1875 ceu
830 1831 925 1893 geri
947 1829 1162 1875 videatur
1179 1863 1191 1886 ,
1221 1847 1323 1874 rna-

59 1897 221 1958 gisque
245 1896 538 1942 audientium
565 1895 604 1939 gc
629 1896 888 1958 legentium
909 1895 1072 1949 animis
1098 1895 1319 1953 imprimi.

63 1961 255 2006 Comica
283 1972 441 2005 tamen
466 1959 680 2004 facilitate
702 1959 742 2003 &
759 1960 936 2020 argutia
961 1960 1150 2003 illorum
1183 1959 1323 2003 diluit

63 2027 333 2088 gravitatem
361 2037 456 2070 tam
480 2026 642 2069 dextre
659 2060 670 2079 ,
703 2036 782 2079 ut,
807 2026 836 2068 sl
858 2025 960 2083 quis
990 2025 1112 2067 ullus
1137 2023 1325 2068 miscuit

65 2091 180 2135 utile
199 2089 343 2146 dulci,
361 2090 397 2135 is
418 2090 459 2133 T
457 2090 600 2133 homae
618 2089 735 2133 Μογο
757 2088 797 2132 Sc
812 2089 987 2148 Erqsmo
1005 2088 1235 2133 Lucianus
1253 2089 1323 2133 fit.

127 2154 319 2199 Materia
344 2154 622 2214 scriptorum
647 2154 740 2197 eius
759 2154 879 2197 varia
897 2154 984 2205 est,
1015 2152 1054 2197 Sc
1072 2153 1324 2208 Historica,

64 2218 453 2280 &Philosophica.
484 2217 730 2262 Historiam
754 2218 923 2278 partim
952 2219 1001 2261 in
1027 2233 1193 2280 genere
1217 2234 1320 2278 per*

66 2284 256 2344 pendit,
288 2283 535 2343 quomodo
565 2279 798 2327 trafflanda
826 2283 904 2337 sit,
929 2283 1184 2342 praeceptis
1211 2298 1322 2341 pro-

66 2348 220 2408 positis
245 2349 294 2392 in
322 2348 523 2410 Dialogo
554 2349 840 2416 QUOMODO
877 2359 1134 2391 HISTORIA
1182 2358 1319 2391 SCRI-

67 2425 239 2458 BENDA
269 2425 376 2458 SIT:
409 2412 451 2456 86
477 2413 698 2472 exemplis
715 2447 728 2468 ,
752 2410 865 2456 fustis
891 2412 1026 2467 licet,
1051 2412 1111 2456 ad
1130 2427 1318 2471 praece-.-

64 2489 146 2538 pta
158 2488 315 2522 tamen
332 2478 716 2533 accommodatis,
740 2476 927 2521 duobus
945 2477 1069 2521 libris
1087 2488 1153 2520 DE
1167 2475 1318 2522 VERA.

67 2554 344 2592 HISTORIA:
389 2543 558 2604 partim
596 2543 645 2587 in
674 2542 822 2603 specie
842 2561 849 2586 ε
899 2542 1020 2588 varia
1066 2542 1316 2597 nimirum,
