1737 3378
290 237 376 283 IN
428 235 1048 283 PROMETHEUM.
1212 239 1308 303 467

36 323 179 366 Meurs.
194 324 264 366 Gr.
278 325 361 365 Fer.
376 326 415 364 in
430 326 481 365 V.
495 325 535 364 ὃ(
550 327 734 375 naurs-rem,
750 338 849 379 quos
871 325 948 365 sine
971 325 1162 366 sacrificiis
1183 328 1310 367 omni-

38 393 92 419 no
111 381 240 432 peragi
259 378 444 432 potuiffe‚
465 392 545 418 non
562 379 711 418 videtur
731 380 934 429 credibile
954 379 1022 419 δι
1009 395 1094 430 ιερον
1107 381 1189 420 eius
1203 382 1310 421 iuxta

39 446 86 473 ac
102 434 270 486 Neptuni
289 432 509 486 Equestris
500 446 539 471 ιη
561 432 720 473 Colono
741 434 897 486 Hippeo
918 446 1202 474 commemorat
1221 435 1313 475 scri-

40 498 132 540 ptor
147 487 361 539 argumenti
376 487 596 539 tragoediae
610 486 870 546 Sophocleae;
889 499 976 525 nam
989 487 1114 526 Schol.
1137 489 1184 526 ad
1199 504 1237 529 v.
1264 489 1312 541 56

38 540 318 608 aliquantulum
337 539 550 579 diffentiens
575 538 832 588 συντιαᾶσῧαι
856 540 978 578 dicit
963 555 998 579 εν
1019 541 1237 592 ’Anoeswiy
1261 557 1308 581 τη

38 593 166 644 Ἀθηνᾷ
179 607 267 634 cum
283 595 485 641 Vulcano,
508 592 651 646 ipsique
665 593 739 632 effe
753 597 919 632 σαλαιον
932 592 1076 645 ἳ’ὃρυμω
1095 609 1160 633 και
1176 599 1257 636 mov
1275 597 1312 636 ἐν

40 647 94 695 τῷ
107 663 148 686 τ
137 648 248 697 μένει
263 663 328 688 της
351 646 449 686 θεοῦ·
466 648 507 686 &
524 646 823 686 Commentator
838 647 1021 700 antiquus
1038 649 1083 686 ad
1097 649 1309 703 Theogon.

41 689 198 740 H'efiod.
216 716 253 740 v.
267 702 358 749 614,
381 702 499 740 modo
517 713 562 739 ne
577 700 669 740 fides
682 701 785 746 eius,
800 699 1012 766 usquedum
1027 700 1122 740 alius
1136 702 1228 741 adsit
1244 716 1313 742 au-

40 756 126 795 &or
142 756 260 808 magis
279 755 463 800 idoneus,
482 754 658 802 vacillet,
682 730 827 793 lcrib'it:
849 752 1092 795 Ἀκακήσιον
1087 755 1160 808 όρος
1182 757 1313 807 Ἀρκα-

40 807 144 856 sius,
159 809 266 848 ’e'va’
253 808 412 859 ετιμᾶτο
427 808 441 846 ὁ
450 785 638 861 ’,πε-’Προωθ
624 820 675 846 υς·
691 821 739 847 ne
753 808 799 847 de
812 807 992 847 Pausania
1004 809 1150 856 dicam,
1171 811 1240 873 qui
1254 811 1313 857 X,

41 875 79 914 p.
95 862 192 911 806,
211 862 499 927 Panopensibus
512 861 585 901 effe
598 862 754 901 testatur
765 863 854 901 πλίι
849 862 953 900 '⁷900
930 880 954 900 c
940 860 1036 930 -μῆξ
1041 863 1179 914 οὶκημα
1193 879 1229 902 ου
1244 864 1314 913 με’-

40 929 118 975 yae,
136 919 199 955 καὶ
216 916 249 956 ἑν
263 913 369 965 αυτῷ
383 917 482 955 λίθου
495 931 562 955 του
578 921 631 954 [Ie
620 930 692 955 -εντ
678 927 802 955 λησιν
816 912 874 966 δι”)
881 927 1008 966 αλμιι,
1018 915 1054 955 ὃν
1067 916 1187 957 'Am
1191 932 1313 963 ηπιον,

41 983 72 1007 οι
65 968 133 1008 Σὲ
147 969 337 1021 Προμηθέα
350 965 442 1009 εἶναι
452 983 583 1019 φασιν,
599 970 713 1022 eique
729 970 782 1008 rei
798 969 1011 1009 testimonia
1023 969 1185 1023 proferri
1199 972 1316 1024 quos.

39 1023 125 1062 dam
140 1024 303 1075 lapides,
323 1024 502 1076 reliquias
521 1023 623 1063 istius
637 1023 729 1070 luti,
747 1023 847 1063 unde
871 1036 991 1075 genus
1013 1024 1224 1064 humanum
1241 1025 1315 1066 fin-

42 1077 143 1116 xerit
165 1077 430 1117 Prometheus.
450 1077 521 1117 Sed
543 1077 580 1116 hi
604 1077 797 1123 honores,
817 1076 1103 1136 qualescunque
1128 1077 1314 1128 fuerunt,

43 1140 172 1170 tamen
189 1132 398 1171 admodum
419 1132 516 1180 rari,
535 1145 579 1171 ac
593 1130 782 1170 vetustate
797 1130 874 1170 fere
888 1130 1313 1185 obioleti;prae1ertim

41 1183 72 1223 fi
88 1185 134 1223 ad
156 1184 315 1234 Iovem,
402 1186 556 1225 ollinem
579 1186 619 1225 &
638 1185 879 1224 Mercurium
901 1197 1190 1246 comparentur,
1211 1201 1315 1248 quo-

39 1251 127 1278 rum
139 1240 294 1279 aedibus
306 1240 346 1278 &
334 1186 472 1278 Alperis
482 1252 562 1278 non
576 1239 688 1278 urbes
701 1238 848 1287 solum,
869 1252 1010 1277 verum
1024 1240 1138 1278 etiam
1154 1243 1241 1301 pagi
1258 1256 1281 1281 v
1287 1257 1315 1280 1-

40 1293 154 1345 cique
168 1306 287 1346 paene
300 1306 436 1333 omnes
452 1293 713 1333 abundabant:
735 1305 860 1346 neque
876 1291 986 1332 facile
999 1294 1070 1332 erit
1082 1306 1131 1333 ex
1147 1296 1316 1355 antiqui·

41 1357 121 1386 tate
133 1356 215 1386 tota
227 1348 435 1401 quidquam
446 1347 610 1401 amplius
623 1348 667 1386 de
679 1346 895 1387 Promethei
907 1347 1036 1386 cultu
1028 1360 1066 1386 1n
1080 1349 1246 1387 medium
1261 1348 1315 1389 af-

41 1400 140 1440 ferre
157 1413 305 1454 praeter
324 1415 391 1450 ea,
409 1414 511 1455 quae
525 1414 548 1440 a
565 1414 626 1440 me
645 1400 730 1440 lunt
750 1400 927 1440 indicata.
942 1401 1144 1463 Quocirca
1158 1402 1314 1442 causam

40 1467 124 1494 non
138 1456 277 1501 video,
297 1469 368 1496 cur
390 1468 469 1495 tam
493 1456 631 1495 acerbe
643 1455 878 1515 'reprehendi
898 1457 1079 1495 meruerit
1097 1456 1313 1504 Lucianus,

41 1510 198 1561 quando
218 1509 491 1550 Prometheum
505 1510 675 1549 oratoria
694 1510 888 1555 libertate,
908 1522 1035 1562 eoque
1058 1511 1175 1563 magis
1194 1524 1312 1551 excu-

41 1562 168 1610 sanda,
184 1577 256 1618 pro
269 1565 389 1604 nihilo
401 1565 540 1604 ducere
553 1563 654 1607 facit,
675 1564 781 1616 quod
794 1563 982 1603 tantillum
998 1563 1066 1610 est,
1082 1575 1126 1604 ut
1121 1542 1313 1605 ”aliorum

40 1619 337 1671 comparatione
350 1619 498 1671 penitus
511 1617 726 1658 evanescat.
741 1618 906 1658 HEMST.

98 1674 175 1711 ead.
190 1673 214 1712 l.
238 1686 298 1711 10.
313 1672 403 1711 Τίθει
420 1672 492 1726 δὲ)
509 1673 553 1711 In
577 1671 616 1711 P.
639 1670 1312 1721 effae⁷1s4.1nL.e⁷1sereffius,

41 1724 104 1765 sed
117 1736 200 1765 tum
216 1726 323 1765 aliter
339 1726 700 1780 interpungendum.
717 1725 875 1765 SOLAN.
889 1726 978 1765 Τίθει
990 1725 1035 1765 δὲ
1050 1738 1093 1765 ut
1105 1729 1313 1767 commode

43 1780 264 1833 ponebatur
277 1780 345 1833 §
357 1781 408 1820 fic
421 1794 548 1820 minus
563 1780 609 1820 ad
622 1782 723 1820 hunc
735 1780 866 1836 locum
881 1780 1101 1846 respondet:
1118 1794 1236 1833 quare
1250 1794 1315 1821 an-

44 1833 281 1874 teferendum
293 1796 370 1874 s19ne
383 1834 654 1882 dubio,'271‹52‘
663 1850 751 1884 μοι,
773 1838 798 1873 ὼ
813 1834 939 1885 Ερμῆ,
955 1849 1022 1873 nou
1036 1833 1154 1874 wass
1140 1850 1223 1875 εννο,
1214 1851 1314 1882 amu,

45 1902 119 1927 ertu
135 1903 191 1927 σοι
205 1889 318 1928 sonet
326 1887 505 1942 ἀγαθον
488 1888 710 1942 αμάρτυρον,
729 1885 798 1928 οἱον
815 1903 945 1939 κτῆμα,
959 1890 977 1928 ὃ
996 1890 1141 1939 ποίημα,
1156 1888 1229 1928 ἃς.
1244 1906 1313 1930 οιον

41 1942 145 1981 enim
159 1956 304 2009 aeque,
328 1943 356 1982 si
374 1956 454 1983 non
472 1956 612 1995 magis,
635 1942 782 1995 placet,
803 1956 919 1995 quam
939 1941 970 1983 ἦ
985 1941 1112 1994 Quod
1127 1954 1254 1982 autem
1273 1945 1314 1983 in

44 1995 123 2035 P.'
108 2011 172 2035 em
189 1996 244 2038 ἔτι
261 1997 308 2036 Σὲ
321 1997 527 2043 exstiterit,
546 1997 692 2036 librarii
707 1997 797 2048 culp
801 2010 822 2035 a
835 1995 1096 2035 fa&umfui1Te
1108 1998 1313 2045 coniecto,

44 2050 125 2102 qui,
149 2064 236 2090 cum
249 2064 407 2104 pravam
421 2051 631 2091 voculam'
618 2065 681 2090 em
695 2049 902 2103 scripfiffet,
914 2049 1067 2090 inducia
1082 2052 1230 2090 macula
1246 2065 1315 2104 pa-

45 2105 176 2157 ginam
203 2104 360 2145 foedare
382 2106 528 2145 noluit.
555 2105 661 2158 quod
682 2119 800 2158 quam
824 2104 1046 2157 frequenter
1066 2103 1137 2144 usu
1157 2106 1314 2155 veniat,

42 2159 222 2210 ignorare
234 2173 314 2199 non
327 2159 482 2213 possunt
497 2159 568 2205 illi,
589 2159 657 2212 qui
671 2171 822 2198 veteres
837 2159 1076 2198 membranas
1090 2159 1315 2200 tractarunt.

46 2211 146 2252 De’
125 2228 181 2252 ετι
199 2213 256 2259 δὲ,
270 2215 428 2267 quando
443 2227 464 2253 a
477 2214 605 2279 priore
619 2224 852 2265 argumento
867 2213 914 2251 ad
927 2204 1028 2251 aliud
1041 2213 1169 2252 oratio
1183 2215 1315 2253 tradu-

47 2267 164 2313 citur,
176 2267 337 2308 diximus
352 2269 397 2307 ad
414 2273 478 2319 Πρ
494 2284 523 2308 ει
539 2267 572 2307 ἐν
585 2274 625 2307 Λ.
643 2267 658 2316 §
680 2280 710 2318 5
728 2267 819 2307 Non
835 2279 1069 2321 repugnem,
1080 2265 1109 2305 fi
1122 2268 1209 2319 quis
1224 2281 1309 2319 pag.

47 2320 124 2374 seq.
143 2321 208 2360 lin.
232 2335 274 2374 13
303 2323 431 2368 malit,
459 2321 514 2361 ἑτι
543 2337 609 2360 nou
637 2335 745 2360 τουτο
769 2324 857 2362 'io-coc
879 2325 995 2371 φαίης
1022 2336 1077 2359 αν.
1100 2322 1206 2373 quod
1227 2327 1313 2360 lane

47 2386 226 2415 notatum
240 2390 399 2430 quoque
413 2376 547 2415 video
540 2389 578 2414 in
593 2376 764 2428 margine
779 2377 831 2415 A.
850 2390 862 2412 1
886 2377 949 2413 W.
964 2375 1126 2413 HEMsT

101 2432 174 2468 ead.
187 2431 210 2469 l.
231 2443 245 2468 1
259 2444 290 2470 1.
305 2431 552 2493 Ἀμάρτυρον
543 2431 560 2469 ἠ
576 2429 657 2483 m)
677 2429 753 2469 Pro
773 2429 833 2468 his
849 2429 887 2468 P.
904 2429 944 2468 &
964 2429 1005 2468 L.
1027 2425 1105 2467 οἷον.
1126 2429 1284 2468 SOLAN.

102 2484 364 2534 ead.l.1.T&
377 2484 533 2538 ἔχοντι)
556 2485 632 2524 Hic
647 2483 791 2538 aliquid
805 2483 1003 2524 desiderari
1019 2483 1183 2533 videtur,
1209 2483 1312 2562 quod

45 2536 231 2591 interpres
263 2514 447 2593 ripplevit.
464 2538 618 2580 Gultr.
942 2589 980 2632 G

995 2603 1019 2644 g
1047 2605 1069 2630 2
