1737 3378
417 230 514 263 220
623 209 1492 260 ANNOTATIONES

414 301 568 341 moedia
587 298 678 349 μίαν
703 299 845 340 ταύτην
869 299 1074 352 προαίρεσιν
1093 299 1329 341 verodomni
1348 300 1434 340 τοὺς
1457 302 1686 352 φιλοσόφους·

418 355 698 400 ἐπισκώπτειν,
717 353 1041 406 quemadmodum
1059 352 1329 404 Chrysostom.
1353 355 1403 394 T.
1425 354 1524 402 VII,
1543 369 1580 408 p.
1603 371 1681 404 422

415 406 461 446 E.
478 407 542 445 καὶ
566 406 637 456 μία
655 407 802 447 σπουδὴ
821 407 1043 460 (mulierum
1064 405 1314 460 scenicarum)
1337 407 1472 447 πᾶσαν
1494 409 1535 447 ἐκ
1552 408 1685 461 βάθρων

418 459 648 500 ἀνασπάσαι
671 460 737 500 τὴν
759 461 994 512 σωφροσύνην·
1017 459 1078 499 sed
1099 460 1207 514 quod
1232 461 1324 500 illud
1349 461 1535 502 eruditius
1554 461 1621 510 fit,
1640 462 1684 502 &

419 514 541 566 magis
555 515 902 554 accommodatum.
918 515 1081 553 Hmsr.

473 570 548 606 ead.
563 569 586 606 Ι.
607 582 643 620 9.
662 575 804 607 Διονεσ,
828 567 969 619 ἐλευθ.)
995 568 1086 607 Hoc
1105 565 1181 613 est,
1204 566 1324 606 libera
1344 567 1524 616 difikeria,
1542 569 1687 622 quibus

423 619 562 659 licebat
581 623 637 660 uti
656 620 751 661 festo
763 621 1070 673 Dionysiorum:
1084 633 1183 673 quae
1201 621 1336 660 libertas
1354 633 1525 661 vocatur
1539 623 1587 661 ab
1601 624 1686 663 Ho-

419 675 522 714 ratio
549 675 591 714 &
617 676 762 714 licentia.
796 676 997 728 Eleganter
1025 675 1227 726 coniungit
1253 687 1343 714 cum
1369 673 1468 715 hisce
1496 675 1688 716 Lucianus

420 728 586 767 verbum
604 729 823 781 καταχεῖν,
835 728 1042 782 perfhndere.
1065 729 1256 768 Horatius
1276 729 1322 768 de
1342 728 1501 768 homine
1522 729 1685 770 dicleriis

420 782 561 821 acriter
581 781 760 834 proscillo
782 782 876 822 lib.1
896 783 971 822 Sat.
987 782 1065 821 VII
1078 812 1088 828 ‚
1110 796 1156 835 32
1173 794 1182 820 ε
1207 786 1264 821 At
1286 784 1439 822 Graecus
1453 785 1628 836 postquam
1642 785 1687 837 est

424 836 517 874 Italo
540 835 701 888 ptrfitfits
718 849 812 875 aceto
834 837 982 888 Petfius.
1003 835 1127 875 CLER.
1147 834 1212 874 De
1241 842 1388 875 Διονυσ.
1411 836 1597 890 ἐλευθερίᾳ
1619 849 1686 878 co-

418 888 524 941 piose
543 889 699 941 Philoslr.
725 890 814 929 dico
834 890 879 929 ad
898 889 1050 929 Heliod.
1070 889 1244 927 BOURD.

479 944 550 981 ead.
573 943 595 981 l.
623 956 681 982 ιο.
702 942 1028 996 Ἀεροβιιτοῦντας)
1049 942 1106 981 Ex
1127 942 1319 995 Aristoph.
1339 943 1437 982 Neb.
1458 954 1503 982 ut
1519 942 1611 984 haec
1624 954 1687 984 to-

424 1006 465 1034 ta
494 997 686 1036 narratio:
708 997 758 1036 sic
778 998 816 1036 in
840 997 1026 1037 Charont.
1048 997 1090 1035 &
1112 996 1276 1036 lcarom.
1297 997 1470 1036 BOURD.
1485 996 1686 1052 Aristoph.

422 1053 510 1097 Νεφ.
531 1064 568 1088 v.
591 1065 638 1098 4,
664 1050 724 1090 Sc.
743 1050 796 1090 ΙΙΙ
810 1082 822 1097 ,
842 1051 891 1090 Α.
911 1049 929 1089 I
941 1080 955 1097 ‚
978 1049 1165 1102 ἀεροβατῶ
1186 1050 1251 1088 καὶ
1280 1049 1474 1102 περιφρονό
1493 1053 1557 1090 ‘for
1579 1048 1691 1093 ἥλιον.

421 1103 573 1143 Socrati
587 1104 734 1144 tribuit.
753 1105 860 1144 Adde
875 1104 1118 1143 Platss‘Aoroax.
1165 1133 1173 1142 .
1193 1118 1218 1154 7
1238 1102 1284 1143 C.
1304 1103 1461 1144 SoLAN.

477 1161 552 1196 ead.
567 1159 591 1196 l.
615 1172 629 1196 1
642 1171 671 1196 1.
689 1158 888 1210 Νεφέλαις)
902 1157 994 1198 Inde
1012 1157 1110 1197 titul.
1123 1117 1225 1197 Krist

421 1210 493 1250 bus
513 1211 576 1251 hic
589 1212 700 1252 locus
714 1213 862 1265 integer
877 1211 1080 1251 desumtus.
1097 1211 1271 1250 Bonan.

477 1268 551 1305 ead.
567 1267 592 1305 ι.
617 1280 676 1304 12.
697 1266 859 1306 ψυλλῶν
882 1264 1120 1318 mmm)
1136 1264 1300 1318 Respicit
1320 1265 1459 1318 procul
1474 1265 1596 1306 dubio
1614 1265 1688 1307 hos
1730 1242 1737 1316 l

421 1318 557 1359 versus
575 1319 727 1360 Comici
744 1321 782 1358 in
802 1320 941 1360 Nebul.
961 1319 1048 1359 Αξὶ.
1076 1333 1090 1357 1
1108 1349 1120 1366 ‚
1140 1318 1199 1358 Sc.
1227 1334 1271 1358 2:

529 1373 692 1425 ’Avnpcb‘t'
716 1371 800 1425 ἄρτι
826 1373 1061 1424 Χαιρεφῶντα
1082 1373 1283 1425 Σωκράτης

532 1426 697 1466 Ψύλλαν
718 1426 871 1467 ὁπόσους
895 1426 1050 1466 ἅλλοιτο
1070 1426 1160 1465 τοὺς
1181 1422 1298 1467 αὐτῆς
1315 1426 1456 1467 πόδας.

421 1479 515 1519 Hoc
535 1480 626 1519 alibi
655 1479 765 1534 saepe
787 1482 929 1534 tangit,
952 1481 1045 1520 dum
1068 1480 1239 1527 Socrati,
1255 1478 1435 1527 Platoni,
1459 1479 1502 1520 δι
1523 1480 1603 1521 aliis
1627 1482 1688 1522 in-

422 1533 546 1572 sultat.
559 1535 730 1574 BOURD.
747 1535 797 1574 A.
817 1535 857 1584 1,
877 1535 935 1575 Sc.
956 1534 1006 1574 11.
1025 1534 1289 1574 Introducitur
1303 1534 1480 1575 Socrates
1490 1535 1689 1576 dimetiens

1227 1157 1322 1210 oph.
1337 1158 1521 1207 Νεφέλαι,
1535 1171 1587 1199 ex
1601 1159 1691 1213 qui·

1729 344 1737 737 i

1731 855 1737 966 ἔ

1730 990 1737 1128 l

1729 1156 1737 1237 l

423 1586 584 1627 ὁπόσους
597 1587 739 1638 ,φύλλα
753 1588 839 1628 τοὺς
858 1588 978 1629 αὐτῆς
999 1588 1127 1628 misas
1143 1586 1495 1628 &monmvonst
1515 1588 1685 1630 Eandem
1729 1590 1733 1634 f

423 1641 655 1681 calumniam
673 1644 792 1696 tangit
807 1644 922 1682 etiam
941 1642 1119 1696 Xenoph.
1139 1642 1230 1682 loco
1252 1642 1363 1696 supra
1376 1644 1506 1682 citato.
1524 1643 1683 1683 SOLAN.
1731 1641 1733 1647 ¹

422 1694 622 1735 Notarunt
643 1697 683 1735 L.
708 1697 788 1736 Bos
809 1695 903 1737 Obs.
928 1695 1025 1735 Crit.
1052 1709 1086 1735 c.
1118 1710 1187 1742 12,
1207 1710 1244 1750 p.
1262 1696 1339 1744 64,
1358 1697 1399 1736 δι
1421 1697 1462 1736 L.
1482 1696 1622 1736 Kuster
1639 1698 1687 1738 ad

422 1748 622 1803 Aristoph.
642 1751 746 1790 Nub.
765 1765 804 1790 v.
830 1765 916 1804 145.
937 1750 1045 1790 Adde
1062 1750 1209 1804 Eunap.
1228 1751 1267 1789 in
1281 1751 1418 1790 Aedes.
1436 1763 1472 1803 p.
1495 1749 1567 1804 38,
1586 1750 1690 1801 ψυλ-
1730 1739 1732 1766 ²

421 1802 496 1841 λᾶν
509 1802 729 1854 πηέήματα
743 1805 1080 1855 κατῃμωκώμενος·
1094 1805 1160 1843 ubi
1175 1804 1298 1857 plura.
1311 1803 1494 1855 Synefius
1508 1803 1598 1845 istos
1609 1805 1688 1846 Co.

421 1857 511 1896 mici
530 1858 663 1897 versus
681 1859 906 1912 praecipue,
924 1857 1029 1912 quasi
1050 1857 1312 1898 rotundiffime
1329 1859 1584 1908 decurrenteS,
1602 1859 1689 1900 lau·

423 1910 529 1950 davit
549 1912 589 1950 in
611 1911 730 1952 Dion.
752 1927 788 1964 p.
812 1926 862 1960 40
882 1913 925 1952 Β.
948 1914 1112 1952 HEMST.

489 1967 563 2004 ead.
586 1965 609 2004 l.
641 1980 656 2004 ι
670 1981 700 2018 5.
728 1966 798 2006 Δὶς
819 1966 889 2006 ὃιὲι
911 1965 1073 2013 πασῶν)
1096 1964 1273 2006 Erasmus
1293 1966 1332 2013 in
1356 1965 1571 2007 proverbio
1586 1997 1600 2013 ‚
1623 1965 1690 2008 sie

422 2016 494 2056 Sa&
511 2019 660 2059 πασῶν.
683 2021 821 2059 BROD.
842 2020 1098 2060 Proverbium
1120 2033 1142 2059 a
1163 2019 1312 2060 musicis
1335 2032 1474 2060 mutuo
1493 2021 1658 2060 sumtum
1671 2052 1688 2068 ,

422 2085 505 2125 quo
526 2074 737 2113 maximum
751 2073 947 2113 discrimen
963 2075 1004 2114 &
1016 2073 1272 2127 longissimum
1293 2074 1536 2114 intervallum
1549 2073 1688 2128 signifi·

422 2138 532 2165 catur
556 2128 645 2166 Vid.
666 2127 808 2167 Erasm.
825 2128 925 2168 Chil.
939 2129 1029 2168 Hoc
1042 2128 1130 2168 usus
1143 2127 1194 2168 est
1207 2128 1361 2167 Lucian.
1383 2129 1420 2167 in
1439 2128 1502 2168 lib.
1517 2129 1563 2168 de
1577 2128 1688 2169 Con-

421 2179 490 2218 scr.
513 2180 609 2219 Hist.
636 2182 678 2222 δι
706 2183 746 2220 in
765 2181 958 2229 sermone,
981 2183 1048 2235 qui
1073 2181 1126 2221 est
1156 2183 1201 2221 de
1225 2183 1402 2222 Mercede
1426 2181 1694 2223 servientibus.-

423 2233 571 2274 COGN.
589 2236 720 2276 Utitur
744 2235 873 2289 paffim
895 2236 966 2276 hac
988 2237 1286 2288 comparatione.
1301 2236 1474 2276 BOURD.
1492 2235 1689 2277 Vetustio-

426 2300 489 2327 res
503 2288 657 2338 mufici,
677 2291 734 2328 uti
752 2303 800 2329 ex
821 2290 899 2330 hoc
918 2291 1127 2344 proverbio
1151 2301 1276 2344 patet,
1294 2289 1430 2329 scalam
1454 2289 1611 2330 suorum
1625 2301 1686 2331 to·

423 2354 564 2382 norum
592 2356 672 2383 non
693 2345 791 2383 ultra
815 2344 930 2390 duas,
949 2357 1045 2397 quas
1068 2345 1180 2384 hodie
1198 2345 1381 2390 dicimus,
1401 2348 1535 2384 offavas
1552 2355 1687 2385 exten-

423 2395 573 2435 debant.
596 2397 647 2436 V.
668 2396 809 2437 Erasm.
832 2398 931 2438 Chil.
945 2397 1092 2451 saepius
1107 2397 1262 2450 usurpat
1277 2397 1440 2448 Noster,
1459 2411 1501 2438 ut
1520 2398 1559 2438 ἐι.
1573 2402 1689 2448 μισῧ.

425 2462 459 2491 c.
486 2463 500 2487 1
514 2463 527 2487 1
544 2480 558 2496 ,
576 2465 722 2541 συῖγς.
740 2465 774 2491 c.
798 2466 838 2502 7,
855 2452 896 2491 &
913 2452 1058 2491 devotas.
1075 2465 1105 2492 c.
1124 2466 1183 2490 21.
1201 2451 1358 2492 SOLAN.

477 2503 514 2543 in
531 2505 624 2545 Scho
642 2536 651 2545 .

674 2507 738 2546 col.
767 2519 800 2546 1.
822 2507 846 2545 l.
869 2520 904 2546 2.
920 2506 973 2547 Ἐν
990 2505 1080 2547 ταῖς
1097 2505 1303 2557 Νεφέλαις)
1319 2505 1378 2546 Ex
1394 2504 1529 2548 eadem
1539 2503 1688 2558 Ανὶίὶο·ς
