1737 3378
291 223 374 269 IN
420 222 1028 270 PROMETHEUM.
1201 241 1295 290 209

19 313 184 359 Pravam
204 315 479 355 distinffionem
492 344 505 361 ,
524 328 624 368 quae
645 314 875 367 planiffimae
897 313 1103 356 sententiae
1128 315 1294 357 nitorem

24 370 274 416 obfuscabat,
293 370 455 408 mutavi.
481 369 523 407 Id
543 371 632 408 licet
655 368 802 421 saepius
823 382 844 407 a
869 381 929 407 me
955 368 1096 409 factum
1113 400 1125 419 ‚
1146 370 1297 425 semper

25 434 155 464 tamen
179 424 387 463 admonere
405 435 548 475 operae
568 434 647 460 non
669 419 754 460 fuit.
781 423 941 460 HEMST.

80 482 154 516 ead.
179 479 204 516 l.
236 491 294 530 15.
315 476 586 529 Συνειργέιζετο
604 496 650 504 -
669 472 687 514 ἦ
717 473 874 526 Ἀθηνᾶ)
903 474 1072 521 Omnia,
1095 477 1134 515 in
1155 477 1295 530 quibus

27 531 168 570 mentis
188 531 293 580 ἀκμὴ
309 529 375 567 καὶ
394 534 437 568 τ“ο
454 529 634 580 Ξῖειότερον
650 525 718 566 τῆς
731 526 870 580 ,ψυχῆς
885 529 1200 580 deprehenditur,
1216 532 1295 570 Mi·

28 597 174 624 nervae
195 583 318 623 solent
334 580 504 621 adscribi.
523 582 697 620 BOURD.
714 582 860 621 Melius
879 581 949 621 Ms.
974 582 1232 636 συνειργάζετο
1248 585 1296 624 s}

27 653 67 677 τι
91 635 109 677 ἦ
134 635 269 675 Ἀθηνᾶ.
292 636 394 674 ltus.

84 692 175 741 Pag.
193 703 255 729 21.
270 689 293 727 l.
316 703 346 727 1.
364 687 455 741 Πρός
478 701 522 726 τε
540 690 582 726 τ“ο
604 683 681 737 εὖφ.
698 687 800 740 διε.)
819 688 903 727 Aut
922 687 1122 727 delendum
1141 703 1206 736 τε,
1227 702 1296 731 aut

26 743 189 784 lacunae
209 742 356 795 signum
373 742 586 780 addendum
607 741 692 794 post
715 742 781 780 καὶ
801 742 877 781 hoc
898 743 1036 781 modo:
1055 758 1130 781 cum
1147 744 1182 781 in
1207 747 1297 795 opti-

31 813 122 838 mam
141 809 272 850 partem
293 798 528 849 interpretatus
546 796 666 834 diffum
683 826 695 843 ‚
716 807 787 834 tum
805 796 906 834 etiam
927 797 946 814 '⁵
967 798 986 814 ⁴*
1012 798 1063 835 Et
1076 796 1222 849 fortaffi
1240 799 1297 838 hic

31 853 78 904 est
91 850 234 902 sensus:
253 851 298 888 ‘rb
322 850 500 901 εἰρημένον
523 849 588 888 καὶ
604 849 625 868 ⁴²
645 849 666 868 ⁴‘
686 849 706 867 *
723 849 787 887 nae}
806 848 895 889 ἴσως
914 845 1031 888 αὐτὸς
1055 849 1072 888 ὃ
1092 848 1180 891 νοῦς.
1196 852 1298 893 Nam

29 905 116 958 post
133 919 176 943 τε
197 903 304 956 sequi
323 904 432 942 debet
453 904 529 942 καί.
554 903 767 943 GRONOV.
790 903 909 942 Scribi
930 903 1036 942 iubet
1061 916 1198 943 norma
1223 906 1301 948 lin-,

27 971 129 1011 guae
154 957 327 998 Graecae
343 958 432 1010 πρὸς
450 970 517 1009 γε·
532 957 680 996 tantilla
697 957 859 996 mutatio
880 969 1037 996 omnem
1056 957 1215 998 lacunae
1232 957 1301 998 su-

27 1013 238 1066 spicionem
257 1011 386 1050 demit.
410 1015 469 1049 Τοι
495 1011 536 1051 &
556 1025 594 1049 τι
615 1009 724 1063 saepe
753 1011 791 1049 in
813 1009 933 1049 Codd.
955 1010 1119 1050 alterum
1142 1012 1299 1054 alterius

29 1065 238 1119 occupavit
249 1064 400 1104 locum:
418 1064 509 1104 illud
524 1063 710 1103 malebam
725 1064 763 1102 in
775 1062 907 1103 Somn.
925 1063 941 1113 §
959 1065 1020 1113 16,
1033 1065 1095 1104 hic
1108 1078 1199 1118 prae
1214 1068 1304 1107 vul.

30 1131 120 1172 gata
134 1120 318 1159 Wittiani
332 1118 418 1157 libri
433 1118 697 1158 auctoritatem
711 1116 858 1170 sperno.
872 1119 1053 1157 Minerva
1064 1118 1301 1161 Prometheo

30 1174 104 1214 fuit
120 1174 160 1212 in
177 1172 362 1226 fingendis
381 1172 598 1211 hominibus
616 1171 802 1220 adiutrix,
823 1171 937 1224 idque
958 1171 1052 1211 iussu
1071 1172 1194 1212 Iovis:
1216 1175 1302 1215 Ste-

31 1227 146 1281 phan.
162 1227 202 1265 in
220 1226 372 1266 Ἰκόνιον·
392 1226 456 1264 ubi
475 1226 636 1265 Luciani
654 1226 764 1264 locus
784 1225 844 1264 hic
864 1239 885 1264 a
905 1225 1088 1265 Berkelio
1106 1227 1299 1279 prolatus:

33 1282 130 1333 quin
155 1281 361 1320 Minervae
382 1280 525 1319 auxilio
543 1280 582 1318 in
602 1279 754 1318 coelum
777 1278 941 1318 escendit
958 1309 972 1325 ,
992 1280 1156 1319 adhibita
1175 1281 1301 1322 facula

32 1335 81 1374 ad
97 1346 221 1373 rotam
236 1334 358 1381 Solis,
377 1334 505 1386 ignem
524 1331 723 1373 furaturus
736 1364 746 1382 ‚
767 1332 858 1372 teste
877 1333 986 1373 Serv.
1002 1333 1049 1372 ad
1067 1335 1201 1389 Virgil.
1218 1337 1298 1377 Ecl.

33 1388 93 1428 VI
106 1418 117 1436 ,
136 1402 200 1437 42.
221 1388 386 1426 HEMST.

97 1446 172 1481 ead.
196 1442 220 1479 l.
244 1457 282 1489 4.
312 1440 598 1494 Ἀρχοιιὸτερον)
625 1441 664 1480 Si
689 1441 778 1494 quis
805 1441 1026 1494 pertendat,
1053 1442 1168 1482 video
1191 1443 1301 1494 satis,

33 1495 360 1549 quemadmodum
381 1494 529 1534 defendi
550 1494 681 1548 poffit:
709 1494 803 1533 mihi
826 1506 954 1534 tamen
985 1495 1202 1548 persuasum
1222 1498 1302 1548 est,

33 1551 103 1589 vix
114 1548 276 1603 potuisse
294 1549 503 1588 Lucianum
523 1550 629 1588 aliter
649 1549 830 1594 scrihere,
844 1562 962 1601 quam
977 1551 1214 1600 ἀρχέτυθον,
1228 1565 1302 1592 vo-

32 1617 118 1644 cem
134 1604 173 1642 in
189 1603 259 1642 hac
273 1615 315 1642 re
331 1604 529 1656 propriam
542 1634 551 1650 ‚
569 1604 610 1642 δι
625 1604 702 1641 iam
719 1603 837 1641 modo
857 1602 908 1641 fic
928 1603 1158 1656 usurpatam.
1180 1604 1302 1659 Imag.

40 1657 57 1707 §
86 1671 154 1709 ις,
173 1657 275 1695 εἰκὼν
296 1659 386 1709 πρὸς
407 1660 450 1696 τὸ
467 1657 686 1710 ἀρχέτυπον
701 1664 953 1708 μεμιμημένη·
972 1657 1012 1696 &
1028 1659 1135 1710 quod
1151 1658 1239 1698 huic
1255 1661 1303 1698 si-

42 1711 245 1751 millimum
261 1710 411 1759 exstat§
435 1724 497 1760 17,
515 1712 544 1749 εἰ
557 1710 678 1761 μηδὲν
701 1710 919 1763 ἀρχέτυπον
943 1710 1140 1763 ἐπιθεῖξειι
1158 1712 1304 1753 ταύτης

39 1764 224 1814 ἑυναίμην
245 1763 310 1805 τνῖς
329 1763 489 1817 γραφῆς·
517 1775 556 1803 at
584 1764 677 1804 nihil
698 1764 842 1803 accedit
865 1765 1045 1817 propius,
1067 1779 1185 1818 quam
1210 1766 1302 1807 illud

38 1819 174 1858 Lucilii
193 1819 295 1872 apud
314 1818 407 1857 Atil.
430 1818 630 1858 Fortunat.
653 1819 690 1856 in
708 1818 793 1857 Art.
813 1832 850 1871 p.
869 1817 992 1866 2686,
1016 1822 1147 1858 Veteres
1160 1820 1250 1872 lege,
1264 1822 1304 1859 id

37 1875 101 1927 est,
117 1884 156 1912 ut
168 1873 220 1910 ait
237 1873 390 1911 Lucilius
403 1902 414 1919 ‚
433 1873 635 1925 Archetypa
644 1902 658 1919 ,
682 1875 769 1911 unde
789 1873 871 1910 lzaec
886 1871 974 1922 sunt
996 1874 1109 1911 omnia
1125 1886 1219 1912 nata.
1248 1874 1302 1914 sic

37 1929 95 1966 τὰ
112 1927 192 1966 ἀπὸ
204 1925 276 1966 τῶν
294 1924 522 1980 ἁρχετὺπων
535 1926 885 1976 κατεσκευασμένα.
899 1925 1067 1977 Dionys.
1084 1927 1206 1968 Halic.
1220 1928 1303 1968 Ind.

39 1980 88 2019 de
106 1979 318 2019 Dinarcho.
346 1979 603 2029 Onesicritus,
629 1979 723 2019 teste
744 1979 912 2032 Diogen.
937 1980 978 2018 L.
1002 1980 1061 2019 VI
1076 2011 1086 2026 ‚
1108 1981 1182 2030 84,
1207 1995 1304 2035 ope-

39 2046 130 2073 rum
148 2035 378 2087 argumentis
398 2034 700 2088 Xenophontem
719 2036 954 2081 aemulatus,
975 2033 1047 2072 stili
1063 2044 1225 2088 quoque
1238 2048 1304 2088 ge-

40 2100 134 2128 nere
153 2088 354 2139 proximus
375 2088 543 2135 accedit,
558 2091 656 2128 «πλὴν
679 2088 736 2127 ὅτι
754 2083 801 2127 ὣς
823 2088 1047 2140 ἀπόγραφος
1071 2088 1112 2139 ἐξ
1134 2089 1306 2143 ἀρχετύ-

40 2155 116 2182 που
134 2140 349 2194 δευτερεύει.
367 2141 551 2181 Ceterum
566 2142 663 2182 hanc
683 2143 729 2181 de
750 2140 898 2194 scriptis
916 2141 991 2181 suis
1005 2142 1201 2182 hominum
1215 2157 1242 2183 o
1271 2144 1306 2182 i-

41 2195 199 2235 nionem
221 2194 367 2248 saepius
388 2196 626 2247 indignatur,
649 2197 690 2235 81
713 2208 790 2248 qua
806 2196 952 2234 virtute
971 2197 1138 2236 maxime
1161 2158 1305 2237 censeri

43 2249 164 2296 velit,
188 2248 302 2289 docet
322 2250 535 2289 Lucianus:
559 2251 635 2289 vid.
656 2250 814 2289 Zeuxin.
836 2251 997 2288 HEMST.
1275 2277 1278 2279 Α

99 2305 173 2341 ead.
189 2304 212 2341 l.
236 2317 270 2356 5.
285 2303 409 2341 Ἀλλὰ.
429 2303 458 2342 εἰ
474 2303 527 2353 μὴ
550 2304 737 2358 χαρίεντα
759 2303 947 2356 φαίνοιτο)
963 2302 1133 2343 Fortean
1149 2303 1306 2344 Luciani

45 2354 133 2395 stilo
151 2355 244 2404 fuit,
262 2357 369 2395 ἀλλὰ
390 2357 418 2397 εὶ
434 2357 506 2408 μὴν
529 2361 593 2398 καὶ
611 2358 748 2410 χαριέν
768 2371 820 2396 τι.
842 2357 1030 2397 MARCIL.
1050 2358 1178 2411 Χάριεν
1200 2357 1237 2397 P.
1263 2359 1308 2399 δε

44 2410 103 2448 ed.
122 2410 151 2448 Ι.
172 2409 284 2449 reete.
305 2410 457 2450 Praeter
480 2412 587 2450 Salm.
608 2414 649 2451 δι
670 2424 769 2464 quae
785 2424 869 2449 eam
890 2410 1016 2451 secuta
1035 2411 1088 2451 est
1108 2413 1158 2451 A.
1173 2424 1308 2451 omnes

45 2463 231 2555 xezpslevw
250 2477 338 2503 cum
364 2464 451 2518 ipsis
469 2465 556 2506 Mff.
575 2465 654 2506 Ox.
672 2466 712 2505 &
731 2465 786 2504 M.
804 2464 1039 2520 praeferunt.
1059 2464 1161 2505 Coll.
1178 2466 1309 2519 χαριέν

45 2531 97 2557 «τι.
147 2526 275 2556 OLAN.

123 2571 270 2611 Luciam.
303 2572 378 2612 Vol.
407 2572 439 2612 I.
1026 2571 1069 2612 Ο
