1737 3378
409 221 499 268 288
611 212 1486 261 ANNOTATIONES

409 303 446 340 6·
467 302 679 340 membrorum
698 299 854 339 motibus.
878 298 1016 338 Strabo
1033 297 1099 337 lib.
1123 310 1192 346 10,
1211 298 1279 337 ubi
1297 299 1343 338 de
1362 297 1496 350 Creta:
1520 299 1678 340 τούτους

407 354 453 392 δὲ
478 353 660 403 ὠνόμαζον
677 352 862 406 Κούρητας
882 352 977 391 νέους
998 353 1105 391 τινὰς
1125 351 1290 391 ἐνόπλιον
1309 352 1442 392 κίνησιν
1463 353 1549 402 μετ’
1563 352 1675 405 ὀρχή-

405 421 498 446 σεως
525 406 810 455 &chaman
842 408 1167 457 προσκτησάμενοι
1194 403 1303 454 μῦθον
1330 408 1391 444 τὶν
1413 406 1496 458 περὶ
1521 405 1586 447 τῆς
1606 404 1678 446 τοῦ

407 463 497 500 Διὸς
519 459 721 512 ymo-sm.
745 459 886 503 Plinius
906 459 972 498 lib.
996 473 1034 508 7,
1053 470 1086 498 c.
1111 458 1177 511 56,
1189 458 1408 510 saltationem
1423 473 1589 499 armatam
1607 462 1678 500 Cu-

411 526 494 552 retes
510 517 645 554 docuere
656 544 668 562 ‚
690 514 875 566 Pyrrichen
890 513 1048 565 Pyrrhus
1058 541 1069 558 ,
1085 525 1254 564 utramque
1267 513 1301 551 in
1324 514 1431 552 Creta.
1450 513 1553 552 Idem
1567 514 1618 553 ait
1632 514 1676 555 &

1727 499 1732 506 .
1717 337 1737 468 ‘maj‘
1719 247 1737 319 ,ιη-Ι.
1716 160 1732 209 ·“.-ἰ

407 566 555 607 Pindari
577 567 804 608 Scholiastes
824 568 869 606 ad
892 565 1120 618 Pythiorum
1145 579 1190 612 23
1209 565 1270 612 δι,
1300 579 1347 606 ne
1371 577 1408 605 te
1431 579 1582 613 morer,
1601 567 1675 607 Le-
1727 562 1734 565 ’

409 620 495 660 &or
509 651 520 668 ,
545 622 754 660 innumeris
772 620 1019 660 citationibus
1032 649 1045 665 ,
1067 619 1290 672 quicunque
1303 620 1348 659 de
1366 619 1572 660 Curetibus
1584 619 1675 661 scri·
1726 635 1728 638 ’

408 673 584 727 pserunt,
605 676 648 714 iis
666 686 855 727 tympana
876 673 917 712 δι
933 685 1131 712 armorum
1159 671 1350 725 strepitum
1375 674 1415 712 δι
1437 673 1675 714 saltationem

409 729 451 767 in
477 730 590 768 armis
613 729 855 774 tribuerunt;
874 726 1002 766 nullus
1024 725 1242 778 sagittarum
1265 726 1522 766 infectionem.
1545 728 1689 768 Aetoli.
1712 774 1714 777 y

408 794 515 822 certe
527 814 539 831 ‚
554 783 622 835 qui
639 783 743 836 prius
756 780 918 820 Curetes
929 809 942 826 ,
962 780 1003 819 ὅ(
1025 793 1046 818 a
1065 780 1205 832 quibus
1219 793 1328 820 ortos
1341 780 1543 820 Cretenses
1554 780 1678 822 Cure-

409 846 468 875 tas
482 837 644 882 volunt,
665 835 805 881 funda,
825 846 905 874 non
925 832 1063 885 sagittis
1080 833 1358 886 gloriabantur,
1382 835 1422 874 δι
1443 847 1580 874 eorum
1597 835 1677 876 dux

410 889 670 941 Pyraechmes
689 888 934 941 Degmenum
952 887 1110 926 hlaeum
1124 885 1357 939 sagittarium
1377 888 1494 927 funda
1512 888 1681 941 prostra-
1736 906 1737 927 1

409 944 476 982 vit.
494 944 568 982 His
582 942 716 982 du6lus
730 941 1021 982 auetoritatibus
1035 941 1135 992 apud
1156 941 1368 981 Lucianum
1388 942 1465 981 hoc
1486 942 1577 982 loco
1602 956 1678 996 pro
1735 946 1737 985 J

411 996 597 1046 Κουρήτων
619 997 706 1050 lego
722 993 859 1048 Κρίιτων
874 995 1028 1034 minima
1044 995 1272 1033 mutatione.
1297 995 1379 1034 Nec
1404 994 1496 1034 mihi
1511 995 1681 1037 Diodori
1736 998 1737 1002 ’

411 1050 522 1089 locus
548 1051 634 1089 libri
662 1063 706 1101 5,
734 1051 802 1089 ubi
823 1050 869 1089 de
899 1061 1045 1089 novem
1070 1047 1143 1087 illis
1173 1047 1418 1088 Cretensibus
1446 1048 1682 1100 Curetibus,

412 1103 639 1157 scrupulum
659 1104 800 1150 iniicit,
822 1104 863 1142 &
882 1103 930 1142 ab
954 1115 999 1142 ea
1017 1101 1179 1141 leslione
1198 1101 1365 1150 inhibet,
1392 1103 1459 1142 ubi
1482 1103 1581 1143 inter
1596 1104 1682 1157 plu-

411 1158 516 1197 rium
543 1170 671 1197 rernm
695 1159 735 1198 &
759 1158 898 1196 artium
922 1156 1212 1201 inventionem,
1240 1169 1357 1208 quam
1378 1155 1587 1197 Curetibus
1611 1159 1680 1198 tri-

411 1211 520 1261 buit,
539 1211 661 1250 addit:
680 1213 733 1250 τὰ
746 1211 828 1263 περὶ
845 1210 992 1253 τοξείαν
1012 1209 1076 1248 καὶ
1094 1211 1167 1248 τὰς
1183 1211 1362 1270 κυνννγίοις
1381 1206 1683 1264 εἰσηγήσασθαι.
1721 1222 1728 1227 ·

416 1265 519 1304 Nam
539 1266 639 1305 ultra
665 1265 771 1318 quod
790 1265 904 1304 solius
922 1263 1091 1304 Diodori
1111 1262 1322 1303 auctoritas
1343 1275 1480 1304 contra
1503 1265 1681 1306 omnium

415 1320 668 1372 antiquorum
683 1319 834 1358 turbam
856 1319 896 1358 δι
915 1315 1142 1357 consensum
1158 1318 1249 1356 mihi
1271 1330 1405 1371 parum
1430 1317 1560 1358 valere
1576 1320 1683 1360 vide-

415 1383 502 1419 tur,
523 1384 696 1412 recantat
716 1371 793 1425 ipse
811 1372 1014 1412 Diodorus
1027 1400 1037 1417 ‚
1061 1371 1102 1410 δι
1124 1383 1262 1410 contra
1280 1370 1315 1411 se
1334 1371 1456 1424 ipsum
1481 1385 1683 1426 pugnans,-

415 1427 468 1465 ait
482 1439 530 1465 ex
545 1425 786 1466 Cretensium
808 1426 1008 1465 traditione
1024 1425 1245 1478 Apollinem
1261 1425 1301 1464 in
1315 1425 1433 1465 Creta
1447 1437 1579 1466 natum
1591 1458 1603 1476 ‚
1623 1424 1684 1467 εὑ-

416 1480 520 1531 ρετὴν
540 1478 609 1518 τοῦ
638 1480 750 1531 τόξου
771 1480 969 1532 γενὸμενον
991 1477 1158 1530 &istriam
1177 1478 1263 1518 τοὺς
1285 1479 1495 1532 ἐγχωρίους
1516 1481 1571 1519 τὰ.
1593 1481 1681 1534 περὶ

415 1533 486 1574 τὴν
511 1533 672 1585 τοξείαν.
689 1535 743 1572 At
763 1544 865 1573 certe
885 1532 913 1572 si
927 1532 1076 1591 Apollo
1091 1533 1237 1585 primus
1251 1531 1322 1572 fuit
1345 1546 1456 1574 arcus
1477 1533 1519 1573 δι
1533 1532 1683 1587 sagitta·
1708 1540 1710 1542 ’

415 1601 504 1627 rum
522 1588 704 1627 inventor
716 1619 727 1636 ‚
752 1586 792 1626 &
805 1588 886 1626 eius
903 1591 1014 1626 utum
1037 1586 1169 1625 docuit
1187 1585 1404 1636 Cretenses,
1423 1600 1504 1628 non
1517 1599 1599 1628 erat
1612 1601 1684 1629 no-

413 1653 479 1681 tus
496 1654 607 1681 arcus
623 1641 830 1681 Curetibus
845 1671 856 1688 ,
877 1641 946 1693 qui
967 1652 1058 1680 ante
1071 1639 1293 1694 Apollinem
1309 1653 1442 1680 natum
1460 1641 1502 1681 &
1522 1640 1603 1695 ipso
1617 1641 1683 1683 Io-

417 1709 471 1734 ve
489 1696 726 1748 antiquiores
748 1695 787 1733 in
807 1694 924 1734 Creta
944 1694 1178 1733 habitabant.
1201 1694 1290 1734 Iure
1308 1695 1426 1752 igitur
1447 1695 1606 1736 Luciani
1628 1697 1685 1737 le-

416 1749 496 1789 &io
511 1750 586 1788 hoc
600 1749 689 1789 loco
702 1749 796 1788 mihi
808 1748 976 1801 suspeeta
987 1747 1041 1788 est
1054 1749 1193 1794 meridi,
1213 1749 1254 1788 δι
1267 1752 1408 1800 Κρίιτων
1420 1748 1556 1790 censeo
1570 1750 1685 1792 debe-

416 1816 459 1843 re
474 1804 562 1856 legi.
577 1803 678 1842 Nam
691 1804 884 1842 Lucianus
895 1831 906 1849 ,
927 1803 993 1855 qui
1011 1802 1056 1841 de
1075 1801 1309 1853 Scytharum
1323 1801 1379 1842 sui
1393 1804 1578 1855 temporis
1592 1817 1686 1845 mo-

416 1870 461 1897 re
484 1857 679 1910 loquitur‚
695 1869 776 1897 non
797 1857 888 1895 mihi
902 1857 1096 1896 videretur
1116 1856 1213 1895 bene
1235 1856 1281 1896 iis
1300 1855 1519 1910 opposuisse
1539 1870 1684 1898 novem

417 1910 594 1950 homines
616 1924 638 1950 e
654 1910 832 1950 fabuloso
851 1909 1002 1957 seculo,
1023 1910 1064 1949 δι
1083 1909 1181 1950 ratio
1197 1909 1305 1959 vult,
1325 1922 1369 1950 ut
1387 1911 1534 1950 nationi
1557 1913 1685 1953 natio-

419 1977 510 2004 nem
530 1975 704 2018 opponat
736 1965 777 2004 δι
798 1975 1008 2017 comparet.
1038 1964 1142 2016 Ergo
1174 1963 1262 2016 lego
1286 1963 1544 2014 confidenter,
1569 1965 1633 2014 δι,
1653 1966 1684 2006 fi

420 2018 513 2057 mihi
525 2019 646 2058 credis
658 2049 670 2065 ‚
688 2019 806 2071 leges,
818 2017 1054 2069 καθάπεςτᾰ
1066 2022 1092 2054 1<
1095 2015 1216 2069 ρῆτων.
1231 2017 1303 2057 Sed
1317 2018 1358 2058 δι
1369 2018 1553 2070 Micyllus
1566 2020 1685 2060 etiam

420 2072 598 2113 hocloco
612 2072 860 2125 castigandus,
871 2074 936 2125 qui
955 2071 1034 2121 ὸπῷ
1049 2072 1319 2124 interpretatur
1333 2074 1438 2124 rcfina
1448 2088 1466 2120 ;
1484 2085 1685 2127 nunquam

421 2127 524 2165 enim
545 2125 670 2179 legiffe
683 2139 745 2165 me
764 2127 931 2174 memini,
949 2125 1108 2165 resinam
1125 2125 1258 2165 utilem
1279 2125 1386 2166 fuiffe
1403 2127 1449 2166 ad
1463 2125 1685 2181 sagittarum

418 2179 669 2222 infefilionem
684 2211 696 2229 ‚
714 2191 783 2220 aut
800 2182 886 2219 ὀπὸν
903 2181 1039 2221 dietam
1062 2178 1225 2219 resmam
1245 2180 1339 2219 κατ’
1359 2179 1514 2232 ἐξοχὴν,
1536 2182 1597 2221 cui
1614 2193 1686 2221 no-

420 2246 512 2274 men
533 2235 731 2287 proprium
750 2233 804 2272 est
825 2233 960 2285 ῥητίνη·
985 2246 1058 2287 pro
1083 2232 1232 2286 Silphio
1252 2245 1356 2274 certe
1374 2234 1429 2273 ob
1447 2233 1599 2287 plantae
1617 2248 1687 2275 ex-

422 2287 637 2327 cellentiam
653 2286 816 2328 sumitur
830 2290 936 2334 ὀετὶις,
952 2287 994 2326 &
1011 2300 1082 2340 pro
1100 2288 1300 2340 papaveris
1313 2286 1427 2327 succo
1440 2288 1494 2327 ob
1507 2288 1587 2329 vim
1602 2301 1686 2329 me-

422 2341 648 2389 dicamenti;
669 2342 771 2382 unde
792 2343 895 2381 ’όπιον
914 2342 1140 2380 diminutive
1161 2341 1307 2381 dicitur.
1322 2341 1442 2381 Verte
1456 2354 1551 2395 ergo
1571 2343 1689 2382 herba·

422 2410 496 2434 rum
509 2395 637 2446 succo:
661 2396 826 2449 opponit
846 2396 945 2434 enim
968 2397 1054 2435 ὂπδν
1078 2393 1233 2434 succum
1254 2395 1459 2435 herbarum
1481 2394 1535 2444 τῷ
1554 2395 1596 2445 ἰῷ
1617 2409 1687 2436 ve·

423 2460 552 2497 neno,
574 2449 685 2500 quod
703 2462 752 2488 ex
772 2449 1009 2501 serpentibus
1032 2448 1182 2493 ἰοβόλοις
1201 2448 1419 2501 colligitur,
1441 2462 1608 2502 quorum
1632 2449 1688 2490 fe-

422 2514 490 2542 rax
505 2502 560 2543 est
572 2503 692 2543 Creta
704 2532 715 2553 ,
738 2502 779 2543 &
800 2503 930 2556 indiga
950 2502 1130 2556 Scythia,
1150 2503 1257 2556 regio
1278 2501 1424 2557 frigida.
1443 2503 1580 2544 PALM.
1597 2502 1695 2556 Scyf

1559 2612 1568 2630 Ι
