1737 3378
399 206 957 265 'EPISTOLA
1217 231 1316 265 ειη

44 325 123 367 bari
149 327 231 366 adeo
251 325 369 379 poffet.
399 327 576 365 Voluimus
600 339 675 377 ergo
699 324 998 376 interpretationem
1022 338 1064 362 no
1092 337 1162 362 ram
1186 322 1315 361 Lucia-

52 395 132 421 ueae
155 380 325 427 orationi,
347 394 510 430 quantum
534 381 605 417 eius
627 378 780 430 consequi
798 378 996 430 potuimus,
1021 393 1036 414 e
1068 393 1083 415 e
1094 377 1314 428 simillimam.

53 434 306 474 Annotationes
327 433 529 477 adiecimus,
551 448 619 470 non
644 432 764 484 quibus
788 431 926 468 divitias
944 432 979 467 in
997 432 1058 468 hoc
1075 446 1187 482 genere
1209 432 1314 484 osten-

8 503 10 507 ’
55 501 202 527 taremus
214 503 229 534 ;
246 487 310 539 sed
326 487 445 538 quibus
470 485 525 524 vel
548 486 708 524 rationem
731 485 933 523 redderemus
959 483 1260 535 interpretationis,
1279 485 1317 535 si

52 557 94 580 ea
111 557 134 579 a
159 542 301 594 vulgata
323 540 446 592 legendi
471 539 598 577 ratione
619 537 817 589 discederet,
838 537 894 574 vel
916 537 1119 574 conielluras
1140 539 1177 574 de
1200 553 1313 576 emen-

51 598 167 636 dando
190 606 364 638 contexto,
386 608 459 632 cum
471 594 674 643 argumentis
679 591 788 642 ficubi
802 604 887 642 opus
906 590 1067 628 videretur
1079 620 1090 635 ,
1113 604 1310 641 proponere·

52 662 128 688 mus
135 664 152 696 ;
175 649 231 687 vel
247 647 382 699 denique
408 647 513 684 lucem
538 644 780 697 affitnderemus
800 644 882 683 locis
894 673 907 689 ,
932 659 1015 696 quos
1038 643 1190 694 obscuros
1206 644 1311 681 videri

55 702 158 741 etiam
175 702 228 740 his
239 700 331 753 poffi
345 701 564 752 putabamus,
577 700 642 751 oqui
661 700 697 737 in
711 699 763 736 lzis
777 698 880 736 literis
893 699 960 736 iam
981 696 1095 749 aliquo
1111 695 1213 747 usque
1228 711 1311 748 pro-

0 762 1 766 ’
49 756 148 808 greffi
163 754 261 806 sunt.
291 753 472 807 Suspenso-
488 754 541 792 lzic
560 753 753 806 plerumque
773 752 886 790 animo
904 750 1063 802 ficimus,
1090 765 1164 788 cum
1183 750 1315 801 semper

52 820 290 855 metueremus,
317 823 355 846 ne
379 823 418 846 ea
442 821 660 860 poneremus,
688 820 773 859 quae
796 807 857 844 alii
879 805 947 844 iam
971 803 1202 857 occupaſjent:
1225 806 1317 856 quod

51 863 182 916 quidem
192 862 284 914 satis
295 860 397 913 saepe
410 860 563 912 accidiſj'e
575 861 669 899 video
680 891 691 909 ‚
713 872 783 899 tum
797 860 832 898 in
846 859 938 904 aliis,
955 857 1183 910 Elsnerianis,
1199 870 1238 895 ut
1253 859 1315 896 lzoc

54 928 157 962 utar,
181 917 279 955 cuius
297 915 362 954 viri
389 915 555 966 doe‘tiſjimi
577 913 825 965 observationes
847 912 955 965 nescio
976 927 1137 965 qua-mea
1158 912 1312 960 incuria,

53 971 111 1011 vel
127 984 193 1023 quo
215 969 298 1021 casu
315 969 384 1008 alio
407 969 536 1016 oculis,
556 983 629 1008 cum
643 969 704 1022 ista
708 967 904 1019 scriberem,
929 983 952 1005 a
966 981 1016 1005 me
1037 965 1222 1018 usurpatas
1243 982 1311 1004 non

53 1024 264 1065 memineram
275 1038 292 1070 ;
311 1035 381 1062 tum
389 1022 642 1076 frequentissime
659 1023 694 1061 in
713 1022 781 1068 lzis,
804 1036 889 1074 quae
909 1021 962 1059 vir
973 1022 1167 1072 dottiffi'mus
1181 1019 1311 1058 Moses

54 1076 219 1118 Solanus
239 1088 477 1116 commentatus
498 1079 551 1130 est.
576 1076 699 1116 Huius
724 1076 788 1115 viri
810 1074 989 1126 observata
1009 1076 1092 1113 adeo
1108 1073 1210 1125 saepe
1236 1088 1312 1112 cum

53 1131 172 1186 nostris
194 1144 366 1182 congruere
389 1131 603 1183 deprehendi,
629 1132 803 1184 postquam
824 1131 995 1168 emendata
1015 1129 1058 1166 ab
1082 1129 1140 1167 illo
1165 1128 1313 1180 interpo-

52 1186 190 1238 lataque
208 1184 352 1224 Luciani
373 1185 595 1238 interpretatio
615 1187 663 1222 ad
678 1200 726 1223 me
743 1184 839 1236 miffa
858 1184 922 1236 est,
942 1195 982 1221 ut
998 1182 1160 1220 interdurn
1172 1194 1310 1233 optave-

52 1240 116 1279 rim
126 1239 271 1292 pudoris
294 1238 356 1277 mei
377 1239 505 1290 causa,
529 1253 569 1276 ne
583 1237 715 1289 factum
735 1237 833 1289 efflet,
857 1239 949 1289 quod
958 1236 1082 1288 optimo
1104 1236 1238 1287 confilio
1248 1235 1314 1287 fa-

53 1296 141 1333 §lum
160 1292 264 1340 novi,
288 1303 327 1330 ut
346 1292 433 1330 illud
450 1304 694 1332 monumentum
717 1291 906 1342 diligentiae
924 1291 989 1329 viri
1003 1290 1085 1328 clar.
1100 1292 1149 1329 ad
1167 1306 1216 1328 nze
1234 1290 1313 1328 mit·

54 1359 184 1386 teretur.
209 1347 384 1399 Superest,
407 1359 447 1385 ut
466 1347 548 1385 milti
569 1347 742 1399 confidam
756 1361 822 1398 qua
838 1346 936 1390 licet,
960 1344 994 1382 δ’
1009 1345 1155 1397 primum
1177 1345 1239 1383 hoc
1260 1344 1315 1382 in-

53 1402 184 1446 dicem,
198 1399 380 1452 perveniffe
402 1403 511 1439 adme
530 1416 545 1438 e
568 1414 713 1440 mercatu
739 1415 840 1438 verno
862 1399 1023 1452 Lipsienfi
1046 1415 1103 1437 an.
1130 1410 1310 1437 XXXVH

53 1454 239 1505 exemplum
253 1453 410 1505 verfionis
420 1454 564 1492 Latinae
573 1457 756 1502 variorum,
773 1469 848 1492 cum
862 1453 1066 1504 argumentis
1079 1452 1236 1504 Micylli‚
1252 1453 1318 1491 ini—

57 1510 106 1548 tio
129 1509 164 1546 6³
177 1509 250 1559 fine
275 1520 490 1554 truncatum,
502 1509 670 1556 editionis,
694 1521 732 1546 ut
751 1508 911 1553 coniicio,
924 1506 1087 1557 Francos
1101 1506 1231 1557 1538fi
1241 1522 1317 1546 cum

56 1577 130 1602 mea
146 1561 368 1614 interpretatio
386 1564 526 1614 proceffi
555 1576 586 1601 et
603 1565 652 1601 ad
659 1564 764 1613 finem
782 1561 992 1600 Hermotimi.
1015 1561 1171 1599 Solebam
1189 1574 1316 1607 autem,

57 1618 150 1671 quod
164 1613 258 1668 scis,
278 1615 331 1653 vir
348 1616 542 1668 doffiffirne,
561 1633 622 1670 per
644 1628 807 1655 mercatus
828 1617 924 1654 modo
940 1615 1014 1652 dieti
1034 1616 1318 1666 opportunitatem

60 1670 185 1710 mittere
201 1671 374 1720 penfiones
392 1670 483 1708 velut
498 1670 651 1710 Luciano
670 1671 808 1709 debitas.
827 1669 921 1708 Illud
927 1683 1028 1721 porro
1050 1668 1234 1717 exemplum
1250 1684 1323 1707 rna-

58 1739 108 1765 nu
124 1723 256 1763 Solani
277 1723 418 1775 eleganti
441 1724 475 1761 δ’
488 1725 654 1770 nitidula,
674 1738 759 1776 quae
776 1723 924 1761 animum
947 1722 1046 1760 etiam
1071 1723 1147 1759 bene
1163 1724 1323 1774 composi-

59 1789 133 1818 tum
149 1777 285 1824 indicet,
311 1781 485 1817 correctum
506 1778 541 1816 δ’
561 1778 795 1829 interpolatum
818 1778 862 1829 est
883 1791 919 1814 eo
941 1776 1039 1814 haud
1057 1774 1151 1812 dubie
1171 1778 1321 1827 consilio,

61 1832 114 1872 uti
133 1833 317 1871 traderetur
330 1832 572 1885 typographis:
596 1833 801 1883 continetque
819 1830 984 1882 opuscula
999 1829 1145 1867 Luciani
1164 1828 1266 1881 usque
1277 1832 1326 1868 ad

60 1886 292 1937 Anacharsim
302 1887 378 1935 five
392 1888 431 1925 de
452 1887 652 1938 Gymnasiis
673 1886 838 1931 libellum,
859 1884 955 1922 cuius
974 1895 1105 1921 tantum
1124 1883 1255 1922 initium
1269 1884 1323 1923 lzz‘c

59 1942 104 1994 est
117 1969 130 1986 ,
151 1939 252 1991 usque
270 1941 319 1976 ad
340 1940 527 1979 columnam
549 1946 628 1979 616.
653 1940 733 1978 Fuit
753 1940 863 1990 itaque
884 1938 919 1976 in
943 1936 1054 1988 museo
1077 1952 1145 1975 meo
1163 1936 1322 1988 interpre-

58 1994 146 2034 tatio
170 1994 233 2032 illa
258 1992 350 2031 diver
368 2009 461 2032 orum
485 1994 606 2033 solani
631 2009 734 2033 manu
755 1993 936 2046 castigata,
962 2007 985 2029 a
1006 1991 1243 2030 declamatione
1271 1993 1324 2030 in.

60 2049 101 2087 de
119 2046 308 2092 Herodoti,
345 2075 353 2084 .
375 2048 543 2095 Aetione,
568 2050 617 2086 ad
627 2048 828 2099 principium
848 2045 946 2084 libelli
963 2047 1002 2083 de
1017 2045 1216 2096 Gymnasiis
1225 2061 1239 2092 ,-
1261 2047 1326 2098 nist

61 2103 154 2154 quod
168 2102 314 2139 Amores
333 2101 368 2138 ἃ»
388 2101 530 2140 Lucium
547 2102 672 2140 libellos
687 2102 838 2140 Solanus
851 2116 918 2138 non
940 2099 1064 2152 attigit.
1087 2100 1129 2136 ln
1148 2101 1200 2138 liis
1221 2101 1325 2151 igitur

59 2154 180 2194 libellis
200 2153 365 2207 pleri-[ilice
387 2156 486 2207 potui
505 2156 672 2208 consulere
700 2155 822 2194 Solam·
840 2153 1061 2204 sententiam,
1081 2156 1169 2203 quod
1189 2155 1325 2207 aliqito-

61 2209 124 2248 ties
142 2224 165 2247 a
185 2223 235 2247 me
247 2208 380 2258 saelum
393 2238 403 2256 ,
425 2210 460 2248 in
477 2209 556 2262 ipsis
576 2211 655 2247 meis
676 2209 951 2248 annotationibus
958 2205 1130 2258 profeffits
1142 2207 1233 2260 suin.
1253 2210 1326 2246 Ni-

61 2263 182 2302 mirum
205 2261 337 2313 inspexi
361 2263 523 2302 interdum
537 2292 547 2308 ,
565 2264 693 2315 quoties
714 2262 904 2315 cognoscere
928 2262 1123 2314 cupiebam,
1148 2278 1248 2315 qnam
1269 2263 1325 2301 ille

60 2316 226 2356 helionem
239 2316 274 2353 in
296 2316 379 2354 locis
393 2317 629 2356 dubitationem
647 2318 797 2368 aliquam
811 2315 1006 2354 habentibus
1015 2313 1154 2365 secutus
1163 2318 1224 2368 fit.
1240 2318 1324 2356 Per-

57 2381 199 2423 petuam
223 2368 431 2409 collationem
451 2385 552 2423 neque
574 2386 650 2410 cum
672 2373 756 2415 bac,
778 2385 878 2422 neque
896 2384 969 2407 cum
988 2369 1062 2407 ulla
1076 2368 1148 2408 alia
1168 2372 1326 2422 interpre-

59 2422 192 2461 tatione
213 2423 348 2475 institui.
376 2425 474 2474 Quid
491 2425 577 2463 enim
599 2425 783 2470 attinebat,
806 2425 841 2461 in
863 2425 926 2461 lzac
945 2422 1112 2473 laboriofiz
1131 2424 1326 2476 praesertim

61 2476 140 2516 vita
165 2491 236 2514 mea
249 2505 262 2522 ,
281 2477 542 2528 circumspicere,
567 2481 730 2531 quomodo
752 2478 814 2515 alii
830 2492 869 2515 ea
889 2477 1095 2529 interpretati
1113 2479 1227 2531 efflent,
1243 2494 1327 2531 quae

67 2531 145 2573 teile
160 2545 182 2570 a
200 2544 251 2571 me
263 2530 415 2586 intelligi,
429 2536 508 2573 reae
525 2531 685 2586 converfiz
700 2531 776 2585 effe,
796 2547 863 2572 non
877 2542 1031 2585 poteram
1055 2532 1234 2573 dubitare?
1248 2532 1332 2578 An-⁴

1000 2601 1094 2649 34
