1737 3378
332 231 611 280 NOTAE
654 231 738 277 IN
779 231 1177 282 ΤΙΜΟΝΕΜ.
1294 247 1383 298 491

119 322 299 358 Alexandri
327 322 487 366 aperiam.
517 321 636 365 Neque
655 332 741 354 vero
765 321 797 354 id
823 321 982 362 facerem,
1006 322 1064 355 nifi
1088 323 1268 357 Plutarcho
1289 324 1393 358 inter-

124 368 230 412 pretis
251 366 303 399 sui
325 378 418 400 error
439 365 585 398 obesset:
603 364 663 398 etfi
684 366 773 398 enim
794 367 927 399 Amioto
950 366 1052 400 faveo
1078 377 1116 400 ut
1139 371 1197 411 qui
1221 369 1363 402 maxime
1377 395 1388 409 ‚

123 414 201 455 plus
220 420 329 443 tamen
347 411 528 443 Plutarcho
549 409 663 442 favere
679 421 820 452 aequum
841 409 896 443 est.
918 410 1028 444 Locus
1049 421 1241 454 praeterea,
1262 425 1329 456 quo
1347 414 1390 445 de

121 456 251 499 agitur,
268 454 403 487 illustris
429 454 491 495 est,
517 453 550 486 &
569 465 638 486 non
661 454 878 497 indiligenter
898 456 1069 498 legendus.
1096 457 1177 489 Rem
1194 456 1316 500 ipsam,
1334 458 1388 489 uti

120 499 156 532 se
176 499 434 542 habet,;paucis
455 499 552 530 dabo.
582 497 748 541 Harpalus
770 499 994 530 Alexandrum
1017 511 1091 531 cum
1112 500 1262 544 fugeret,
1283 501 1391 534 Athe·-

121 554 181 576 nas
204 542 238 576 se
260 544 398 584 recepit.
431 542 580 585 Populus
606 542 775 574 hominem
799 553 842 574 ex
867 544 947 575 urbe
975 552 1112 586 quatere
1143 547 1298 578 volebat:
1323 557 1386 588 pro

119 587 179 620 illo
203 587 294 620 stetit
316 586 554 620 Demosthenes
577 586 687 629 pretio
708 595 889 629 corruptus
911 587 1029 628 (calice
1053 599 1153 620 aureo
1168 615 1176 628 ,
1196 589 1387 622 &talentis

121 641 164 664 20
183 631 346 675 scilicet.)
370 632 500 663 Rhetor
520 631 673 669 Atticus,
696 641 794 673 quem
820 631 1011 663 muneribus
1036 643 1264 675 expugnatum
1285 633 1384 666 fuisse

119 677 270 718 populus
291 675 449 708 olfecerat
461 701 469 716 ‚
488 674 558 707 sese
580 684 721 717 purgare
740 685 814 705 cum
831 673 993 716 studeret,
1016 686 1112 707 nemo
1131 677 1245 709 audire
1258 704 1267 717 ,
1283 679 1384 710 immo

121 719 308 763 obstrepere
331 730 465 759 omnes,
489 727 638 761 praeter,
659 716 772 750 nescio
793 729 889 761 quem
902 745 910 759 ,
929 719 1096 751 hominem
1117 718 1194 753 sane
1218 723 1382 765 elegantis

119 763 269 806 ingenii,
298 764 358 806 qui
382 775 401 796 e
425 761 577 796 consessu
603 773 680 793 cum
704 761 920 802 surrexisset,
955 763 1046 804 Quid
1071 772 1203 803 autem,
1229 767 1295 804 ait,
1318 767 1385 798 viri

119 807 360 847 Athenienses,
385 819 481 847 eum,
502 807 559 850 qui
582 807 717 838 calicem
742 806 880 847 habeat,
901 818 968 838 non
991 808 1158 841 audietis?
1181 808 1249 851 (est
1271 818 1385 842 autem

121 852 204 884 mira
224 852 382 895 quaedam
399 851 435 883 in
452 863 493 885 eo
509 851 596 884 disto
617 851 723 894 gratia
740 859 841 894 atque
854 850 996 895 facetia)
1016 852 1143 885 Graece
1156 851 1198 884 fic
1209 864 1283 895 pag.
1298 855 1384 894 857:

118 895 181 930 οὐκ
200 895 390 936 ἀκούσεσθε,
421 890 444 926 ἦ
466 891 567 938 ἄνδρες
585 893 764 933 Ἀθηναῖοι,
789 895 847 926 τοῦ
872 897 925 927 τὶν
946 895 1063 929 κύλικα
1083 896 1224 937 {xcvi-053
1250 899 1284 930 Si
1305 899 1385 941 quis

119 949 275 973 veterum
293 952 418 973 morem
438 949 569 979 teneat,
587 951 654 982 quo
672 950 911 983 nonnunquam
934 941 1049 972 σχόλια
1065 940 1121 972 sua
1145 943 1306 974 canebant
1320 968 1330 982 ‚
1342 942 1383 982 ,is

120 985 328 1017 venustatem
344 985 447 1017 huius
467 984 544 1016 disti
566 984 666 1016 facile
685 983 853 1026 agnoscet.
875 985 966 1016 Talis
985 995 1094 1018 autem
1112 985 1168 1018 ille
1184 997 1278 1018 rnos:
1295 986 1384 1018 sum—

122 1037 159 1061 to
179 1030 214 1060 in
236 1041 369 1061 manum
389 1029 510 1068 calice,
529 1030 694 1060 canebant
716 1029 772 1059 illa
790 1028 940 1067 cantica,
965 1029 1004 1060 de
1024 1030 1145 1072 quibus
1175 1029 1286 1073 passim
1303 1030 1384 1063 scri-

120 1082 257 1115 ptores:
275 1085 359 1116 quae
380 1075 576 1116 plerumque
594 1080 688 1104 erant
705 1071 861 1112 βιωφελῐῐ,
879 1072 1078 1116 quandoque
1091 1074 1191 1105 etiam
1206 1075 1384 1109 amatoria.

118 1118 266 1150 Calicem
284 1118 342 1160 qui
358 1119 513 1156 tenebat,
532 1118 560 1149 is
583 1117 623 1148 ab
648 1117 722 1148 aliis
746 1116 961 1157 audiebatur,
980 1128 1089 1160 neque
1105 1118 1382 1161 interpellebatur

115 1173 137 1195 a
155 1173 335 1205 quoquam.
351 1163 507 1194 Ceterum
523 1161 576 1193 hic
593 1171 665 1192 mos
683 1160 723 1192 ad
740 1171 830 1192 oram
847 1161 1056 1204 quorundam
1075 1162 1225 1194 codicum
1240 1172 1381 1208 nsotatus

118 1206 229 1238 fuerat
250 1206 303 1238 his
325 1206 456 1238 verbis:
475 1205 502 1237 έν
528 1207 590 1247 γὰρ
613 1203 681 1239 τοῖς
701 1204 877 1244 συμποσίοις
894 1206 949 1236 τὴν
973 1204 1089 1239 κύλικα
1110 1205 1229 1247 ἔχοντες
1252 1203 1318 1239 ’ᾖδον
1336 1210 1382 1239 τὰ.

117 1250 278 1292 λεγόμενοι
299 1250 423 1284 nemu.
448 1249 538 1282 Haec
553 1248 611 1282 etfi
630 1260 710 1281 vera
731 1249 810 1280 sunt
823 1275 831 1289 ‚
851 1258 962 1282 tamen
986 1250 1142 1283 Amiotus
1155 1245 1379 1294 interpretum

117 1293 308 1335 Plutarchi,
327 1302 498 1338 quotquot
516 1305 660 1337 unquam
673 1293 829 1334 fuerunt,
846 1295 947 1336 longe
962 1293 1162 1327 doffiffimus
1175 1321 1184 1335 ‚
1198 1295 1244 1326 ibi
1259 1295 1294 1330 se
1311 1305 1381 1328 tur—

115 1339 205 1384 piter
221 1339 310 1371 dedit
317 1351 328 1377 3
347 1338 389 1371 fic
409 1339 497 1371 enirn
518 1339 641 1370 vertit:
664 1338 841 1374 comment,
856 1336 1037 1382 Seigneurs,
1055 1339 1168 1382 refusi(
1184 1352 1260 1371 vous
1276 1340 1295 1370 ἁ
1311 1342 1382 1372 ou'ir

115 1395 158 1415 mi
169 1385 336 1427 personage
353 1386 404 1427 qui
420 1396 438 1414 a
455 1385 483 1414 le
502 1384 633 1427 langage
642 1381 672 1424 fi
685 1382 750 1413 bien
768 1382 863 1413 dorc‘?
882 1381 978 1423 Quae
998 1392 1109 1415 autem
1128 1384 1170 1415 ud
1191 1395 1281 1416 oram
1300 1384 1381 1416 libri.

117 1428 228 1459 addita
246 1427 345 1467 sunt,
366 1429 428 1471 (ab
447 1438 486 1460 eo
498 1452 507 1467 ,
527 1438 652 1466 necne,
673 1426 761 1458 haud
775 1425 852 1459 sane
869 1426 938 1459 scio
950 1427 983 1469 ,)
1001 1428 1108 1459 nihilo
1129 1437 1218 1460 certe
1236 1429 1376 1461 meliora

114 1471 218 1504 sunt:
239 1471 309 1514 le
325 1485 345 1502 a
364 1484 420 1503 une
440 1471 573 1513 allusion
595 1471 614 1501 ἁ
639 1482 669 1502 ce
689 1480 752 1501 mot
776 1468 900 1510 κηλέῖν,
926 1475 976 1514 qui
992 1472 1110 1516 fignffie
1132 1473 1246 1513 rejou'ir
1259 1484 1319 1515 par
1335 1484 1377 1504 un

116 1518 200 1547 doux
210 1516 321 1553 charit,
335 1516 364 1548 6·
377 1525 486 1548 comme
496 1515 676 1553 enchantcr3
695 1515 802 1547 nihilo
812 1540 820 1554 ,
835 1516 968 1558 inquam
978 1541 986 1556 ,
1000 1517 1134 1548 meliora
1148 1515 1267 1548 isthaec
1280 1516 1379 1550 sunta

116 1571 191 1592 nam
214 1561 302 1593 inter
320 1559 425 1594 κηλεῖν
444 1560 478 1592 ὅ(
493 1559 586 1602 κύλιξ
607 1559 692 1591 nihil
709 1559 887 1603 quidquam
908 1571 1083 1592 commune
1105 1559 1172 1601 est,
1194 1571 1263 1592 non
1285 1570 1378 1595 certe

116 1605 237 1647 magis,
262 1617 358 1648 quam
379 1606 466 1636 inter
486 1604 578 1645 λόγος
595 1603 629 1635 &
644 1603 756 1644 φιλέοι,
772 1612 832 1636 aut
851 1615 955 1637 voces
976 1605 1193 1648 quantumvis
1210 1604 1376 1648 fignifica-

119 1648 213 1680 tione
235 1648 376 1687 diffitas;
401 1649 456 1681 sed
478 1658 550 1681 tota
569 1649 635 1680 loci
657 1648 749 1680 illius
769 1647 925 1680 venustas
942 1660 984 1681 ex
1005 1649 1064 1688 iis,
1079 1660 1165 1693 quae
1186 1649 1265 1681 sunt
1285 1662 1303 1681 a
1324 1661 1377 1684 me

115 1691 271 1736 superius
290 1702 545 1726 commemorata
558 1719 568 1733 ,
588 1693 721 1736 pendet.
742 1693 950 1727 vertendum
965 1702 1075 1725 autem
1092 1695 1232 1726 verbum
1247 1693 1287 1726 de
1301 1706 1377 1727 ver-

115 1737 162 1768 bo
180 1736 307 1779 fuerat,
325 1737 378 1768 Ηέ
401 1741 490 1780 quoi,
513 1737 688 1781 Mefficurs,
714 1748 750 1768 ne
771 1739 880 1780 νοιιίε(
897 1750 974 1768 vous
995 1750 1055 1780 pas
1082 1738 1201 1770 e‘coztrer
1221 1740 1299 1769 celui
1325 1741 1376 1782 qui

117 1783 196 1812 tient
212 1783 248 1812 la
267 1793 360 1824 coupc
377 1793 413 1812 en
433 1783 541 1812 main?
558 1783 644 1814 Tum
661 1793 744 1813 vero
761 1782 967 1814 Graecorum
986 1793 1078 1814 more
1093 1784 1194 1814 allato
1205 1808 1214 1822 ‚
1230 1791 1303 1814 tota
1321 1794 1376 1816 res

115 1834 189 1858 erat
210 1826 416 1869 explicanda
448 1826 511 1858 Sed
535 1825 693 1869 quorsum
720 1825 862 1858 isthaec?
894 1827 1037 1869 inquies.
1066 1828 1142 1858 Non
1169 1835 1311 1867 temere,
1336 1833 1379 1859 ut

116 1871 240 1912 opinor
254 1895 264 1911 ,
284 1871 315 1902 id
335 1882 352 1902 a
370 1881 422 1902 me
439 1870 702 1902 animadversum
721 1870 787 1902 fuit
799 1897 807 1910 ,
832 1870 865 1902 ὅ(
883 1871 1097 1903 elucidatum.
1116 1872 1227 1914 Atque
1246 1872 1373 1903 urinam

117 1914 196 1946 hinc
215 1915 451 1957 prudentiores
470 1913 590 1947 fierent
614 1914 716 1946 nostri
735 1915 901 1947 homines.
923 1915 1005 1946 Nam
1026 1927 1101 1946 cum
1126 1916 1294 1956 omnium,
1316 1916 1375 1959 qui

116 1969 264 2001 unquam
277 1959 425 1992 Graecos
437 1959 616 2001 scriptores
632 1958 901 2001 interpretandos
919 1958 1045 1992 Gallice
1060 1959 1139 1991 sunt
1152 1958 1284 2003 aggreffi
1295 1986 1303 2000 ,
1317 1961 1376 1992 do—

116 2002 272 2035 stiffimus
283 2029 292 2044 ‚
308 2005 341 2035 in
357 2015 392 2036 re
410 2004 491 2036 adeo
510 2012 592 2035 nota
608 2003 788 2042 erraverit,
807 2004 886 2046 quid
903 2004 942 2035 ab
957 2004 998 2036 iis
1009 2030 1018 2045 ‚
1034 2005 1091 2047 qui
1107 2004 1208 2036 hodie
1227 2005 1376 2044 vivunt,

112 2046 308 2090 exspeaes?
325 2059 467 2091 quorum
485 2048 638 2092 plerique
657 2047 753 2089 (nam
771 2047 927 2090 quosdam
946 2049 1029 2079 novi
1045 2060 1142 2091 quam
1161 2047 1376 2092 doffiffimos)

116 2102 179 2123 nec
199 2092 325 2125 Graece
338 2092 467 2133 sciunt,
486 2103 546 2125 nec
563 2092 681 2124 Latine
694 2092 838 2134 quidem.
859 2092 908 2123 Ex
927 2093 968 2124 iis
986 2102 1076 2125 certe
1094 2094 1218 2136 aliquis
1229 2092 1376 2136 scripto-

115 2147 184 2167 rem
207 2138 369 2179 quendam
388 2137 540 2176 Gallice,
560 2146 598 2168 ut
613 2136 712 2168 audio
725 2161 735 2175 ,¹
753 2137 944 2175 convertit,
965 2139 1062 2169 cuius
1079 2136 1252 2180 scriptoris
1271 2137 1294 2168 fi
1318 2139 1376 2172 vel

117 2182 278 2223 pagellam
294 2189 425 2213 tantum
440 2182 624 2224 intelligat,
640 2179 754 2222 μωρίαν
775 2178 952 2219 {ommium
971 2181 1198 2221 ἀσμενέστατα,
1217 2181 1315 2224 idque
1328 2183 1375 2214 ita

117 2236 236 2257 verum
252 2224 313 2264 est,
334 2234 390 2265 ur,
411 2225 433 2256 fi
453 2226 613 2264 mentiar,
634 2226 681 2257 nil
700 2225 778 2256 mihi
797 2226 852 2256 vel
875 2225 1012 2256 humani
1031 2226 1226 2269 quidquam,
1246 2227 1302 2259 vel
1323 2226 1375 2258 di-

121 2269 193 2300 vini
209 2269 300 2301 credi
316 2270 428 2302 velim.
451 2270 581 2301 Abhinc
600 2279 712 2302 autem
731 2267 789 2301 sex
806 2268 932 2312 septem
954 2270 1047 2302 annis
1063 2271 1198 2302 memini
1216 2281 1268 2303 me
1281 2281 1375 2314 roga-

120 2321 158 2345 tu
176 2314 270 2345 amici
286 2313 457 2353 cuiusdam,
471 2313 640 2345 doffiffimi
660 2314 746 2354 viri,
761 2313 912 2346 conferre
931 2312 1117 2346 verlionem
1138 2314 1250 2347 nescio
1271 2316 1370 2348 cuius

117 2368 159 2389 ex
184 2358 357 2390 Ciceronis
380 2359 611 2396 orationinu53
632 2359 692 2390 Dii
715 2358 813 2391 boni!
844 2359 1022 2401 Nunquam
1041 2359 1112 2390 vidi
1134 2360 1248 2391 literas
1269 2360 1372 2403 magis

117 2401 304 2435 illiteratas.
320 2402 435 2446 Nuper
451 2412 562 2435 autem
572 2429 580 2442 ,
599 2414 705 2446 nuper
717 2429 725 2443 ,
742 2401 956 2434 dostiffimum
970 2404 1104 2445 poetam
1119 2402 1169 2446 (ἃ
1181 2414 1266 2446 quos
1279 2403 1373 2435 non?

120 2456 195 2477 nam
221 2446 304 2479 nihil
331 2446 398 2479 istis
425 2447 653 2480 ardelionibus
674 2447 801 2479 sacrum
825 2446 898 2489 est)
920 2447 1002 2479 adeo
1030 2447 1267 2487 deformatum,
1289 2447 1373 2480 adeo

120 2490 284 2532 perditum
299 2491 368 2522 vidi
383 2517 391 2530 ‚
412 2502 486 2523 eum
500 2501 539 2523 ut
551 2491 728 2535 agnoscere
739 2517 748 2531 ,
765 2492 983 2534 quantumvis
997 2492 1077 2523 mihi
1092 2491 1285 2524 familiarem
1295 2517 1303 2530 ,
1319 2503 1374 2524 ne-

117 2535 296 2578 quiverim.
317 2535 411 2568 Nihil
429 2535 575 2580 pudere?
599 2547 673 2570 acre
691 2547 774 2572 vero
796 2536 943 2572 hominis
964 2536 1144 2570 iudicium!
1170 2537 1378 2575 mulierculis
