1737 3378
391 221 497 268 ΙΝ
563 221 1094 287 ΤΙΜΟΝΕΜ.
1293 237 1388 284 347

112 308 180 349 aut
207 307 339 362 potius
359 307 475 349 Datis
496 310 536 350 &
564 310 820 363 Artaphernis
843 311 882 349 in
907 310 1075 349 Atticam
1104 308 1391 362 expeditionem

113 364 354 417 pertineant,
378 364 504 403 nullus
523 363 575 404 est
599 364 791 404 dubitandi
812 365 948 403 locus:
973 364 1087 415 igitur
1103 363 1210 402 Plato
1227 364 1392 403 interce-

111 417 168 455 dit
191 415 288 470 ipse,
313 428 362 455 ne
384 419 455 468 πρὸ
478 417 552 457 τῶν
576 417 761 469 Περσικῶν
785 418 1044 469 explicemus,
1065 429 1242 469 antequam
1264 417 1388 469 Perfize

113 469 151 508 in
175 471 322 523 Lydiam
345 471 513 518 venirent,
539 469 745 523 statuitque
770 471 907 524 plane,
935 470 1198 521 Epimenidem
1223 471 1388 511 Athenis

111 522 261 562 affuisse
279 522 444 563 secundo
467 525 639 564 tertiove‘
659 537 764 563 anno
787 524 850 563 Ol.
870 522 1059 569 LXVIII,
1076 525 1151 563 hoc
1168 525 1244 570 est,
1267 524 1329 564 sex
1343 527 1387 566 δε

112 578 270 629 triginta
300 577 384 630 plus
414 578 542 617 minus
571 578 678 617 annis
706 577 790 630 post
814 588 1026 630 occupatas
1048 590 1069 615 a
1094 577 1206 628 Cyro
1227 578 1386 627 Sardes,

109 639 200 676 aut,
220 629 247 668 sl
264 631 405 678 mavis,
430 630 498 670 sub
524 632 669 670 initium
687 631 851 684 Olymp.
872 631 990 670 LXX.
1012 642 1094 670 tum
1112 642 1311 683 praeterea
1327 633 1385 672 ΙΙΙ

107 683 184 724 LL.
194 698 230 737 R.
244 684 322 732 804
335 685 387 724 D.
401 684 587 741 hospitem
600 685 708 724 illum
725 684 999 725 Atheniensem
1016 685 1070 724 ita
1087 684 1309 737 loquentem
1327 685 1387 724 fa-

109 737 181 778 cit:
211 737 282 789 'Ag’
297 735 408 785 οἶσθ,
424 741 450 777 ὠ
467 739 629 788 Κλεινιέι,
647 742 710 778 τον
724 744 862 777 ΦΙΛΟΝ
877 739 935 778 ὅτι
952 741 1162 792 παρέλιπες
1177 742 1238 777 τὸν
1248 742 1385 777 ΑΤΕΧ-

108 795 209 831 ΝΩΣ
225 797 350 833 ΧΘΕΣ
366 806 390 845 7
404 792 578 843 ενόμενον·
596 793 626 832 is
639 793 879 845 Epimenides
892 793 960 839 est,
974 806 1016 832 ut
1034 806 1126 831 mox
1145 802 1260 843 patet.
1274 793 1383 833 Haec

105 857 182 899 pro
214 857 395 885 notarum
424 847 585 886 modulo
610 846 826 887 sufiiciunt:
858 849 945 886 nam
970 848 1016 886 de
1044 846 1290 898 Epimenide,
1314 847 1386 885 de·-

104 911 184 952 que
200 909 399 953 tempore,
414 901 476 941 cui
493 901 602 941 Plato
616 901 949 941 confabulationes
971 899 1054 940 istas
1078 901 1123 940 de
1145 900 1291 953 legibus
1312 900 1384 938 illi-

106 953 236 1006 gavit,
260 953 415 1007 longior
440 954 493 994 est
522 955 751 1008 disputatio,
778 968 894 1009 quam
924 965 967 995 ut
988 955 1087 994 hisce
1110 954 1282 994 terminis
1305 955 1382 993 cir-

106 1006 313 1047 cumscribi
333 1008 458 1061 poffit.
481 1009 605 1049 Porro
620 1009 727 1062 quod
742 1009 932 1049 Plutarch.
953 1019 1081 1048 narrat
1096 1009 1140 1047 de
1155 1007 1199 1047 Is.
1220 1007 1260 1047 &
1275 1007 1380 1047 Ofir.

103 1073 143 1113 p.
171 1060 246 1114 378
270 1061 312 1101 E.
338 1061 480 1115 Φρύγες
507 1062 554 1102 ise
577 1066 642 1102 τὸν
665 1066 747 1104 δεον
772 1062 925 1113 οἰόμενοι
955 1062 1146 1115 χειμῶνος
1171 1062 1382 1110 καθεύθειν,

103 1113 229 1167 θέρους
247 1114 286 1155 «Γ
307 1116 552 1169 ἐγρηγορέναι
568 1148 578 1165 ,
604 1116 694 1155 τότε
712 1116 781 1167 μὲν
798 1117 1102 1166 κατευνασμοὺς,
1127 1116 1216 1155 τότε
1232 1115 1278 1155 st
1300 1113 1383 1156 ἁνε-

103 1169 256 1222 γέρο-εις
279 1170 541 1222 βακχεύοντες
558 1166 666 1221 αὐτῷ
690 1171 884 1218 τελοῦσιν,
904 1171 941 1209 id
960 1171 1113 1224 quidem
1141 1182 1234 1209 vere
1253 1170 1381 1221 Phry-

103 1223 233 1275 gium,
260 1225 301 1264 δι
323 1223 504 1274 istorum,
524 1238 624 1278 quos
648 1223 726 1278 ipsa
749 1235 887 1264 natura
912 1237 1032 1277 paene
1054 1225 1191 1263 brutos
1215 1222 1380 1263 finxerat

102 1276 146 1316 &
166 1275 320 1323 servos,
346 1278 502 1331 ingenio
523 1280 702 1332 dignum3
719 1279 825 1331 quod
839 1278 1111 1318 Demochares
1123 1277 1224 1329 apud
1236 1277 1380 1317 Athen.

102 1330 191 1377 VI,
215 1345 252 1385 p.
275 1346 347 1385 253
375 1333 421 1372 C.
447 1333 493 1372 de
520 1332 671 1373 abiecto
698 1332 991 1372 Athenienfium
1019 1345 1108 1385 erga
1133 1332 1380 1371 Demetrium

103 1382 249 1432 studio,
273 1386 487 1439 ὀρχούμενοι
510 1388 575 1427 καὶ
591 1386 813 1436 ἑπᾴὲοντες,
830 1383 877 1426 ὧς
899 1387 951 1427 εἴη
962 1386 1074 1437 μόνος
1093 1389 1176 1425 ἔπεος
1192 1385 1377 1433 ἀληθινὸς,

102 1437 136 1477 οἱ
155 1438 195 1477 θ’
213 1435 323 1480 ἄλλοι
351 1440 608 1489 mesanum,
632 1442 650 1481 ii
667 1440 932 1490 ἀποδημοῦσιν
952 1441 970 1481 ἦ
999 1435 1062 1479 οῦκ
1089 1440 1184 1486 εἰσὶ,
1204 1439 1378 1479 luculen-

101 1501 186 1532 tum
214 1493 391 1547 pristinae
416 1495 573 1535 virtutis
602 1496 640 1534 in
670 1494 921 1534 foedissimam
956 1494 1216 1534 adulationem
1242 1492 1377 1533 versae

100 1546 304 1600 specimen.
330 1548 570 1589 probabilius
591 1549 632 1588 &
651 1547 814 1602 figurate
838 1549 1045 1588 dormitare
1063 1548 1175 1587 Deos
1200 1560 1378 1600 conque·

101 1614 269 1649 rumur,
298 1603 338 1642 δι
366 1604 444 1642 alto
471 1604 579 1643 velut
605 1602 746 1656 sopore
770 1603 935 1642 obrutos
958 1616 1089 1642 rerum
1113 1601 1374 1640 humanarum

100 1667 236 1695 curam
256 1657 509 1697 intermittere
522 1688 532 1703 ‚
551 1658 707 1710 quando
725 1658 834 1696 malis
849 1670 929 1696 non
948 1657 1164 1709 interrupto
1185 1655 1377 1696 felicitatis

100 1710 215 1750 cursu
236 1711 334 1751 bene
346 1711 420 1758 est,
433 1712 523 1751 dum
542 1711 632 1750 boni
646 1724 725 1751 non
742 1724 970 1751 communes
984 1722 1132 1750 tantum
1154 1722 1375 1758 aerumnas,

99 1763 164 1803 sed
189 1764 347 1805 istorum
374 1766 487 1804 etiam
513 1766 672 1805 iniurias
698 1766 847 1819 perpeti
870 1775 1066 1818 coguntur
1090 1765 1130 1803 &
1159 1762 1376 1804 exhaurire.

97 1817 161 1858 Sic
185 1819 222 1858 in
251 1819 558 1873 Epigrammate‚
590 1819 697 1873 quod
727 1819 923 1859 Bachetus
951 1819 1064 1859 edidit
1087 1819 1134 1857 ad
1155 1817 1375 1870 Diophant.

98 1872 267 1912 Arithm.
294 1875 348 1919 V,
375 1873 458 1925 Qu.
479 1889 549 1927 33,
566 1886 601 1913 n.
623 1888 666 1912 21
682 1904 694 1921 ‚
722 1886 743 1911 a
764 1873 882 1913 fratre
903 1873 1019 1912 frater
1037 1873 1166 1925 iniqua
1183 1871 1377 1910 heredita-

97 1926 147 1965 tis
162 1928 369 1979 partitione
384 1928 580 1968 fraudatus
594 1928 802 1967 exclamat:
828 1927 896 1966 Ζεῦ
908 1927 1018 1972 βαθὺν
1032 1923 1144 1966 ὕπνον
1157 1926 1274 1978 ἔχεις.
1291 1925 1374 1966 Co-

99 1982 211 2030 mici,
235 1982 375 2034 quibus
391 1981 538 2021 scenica
561 1982 761 2034 protervia
776 1981 888 2021 Deos
904 1981 1059 2020 irridere
1081 1981 1184 2020 licuit
1196 2009 1207 2025 ,
1220 1989 1301 2018 tam
1318 1979 1375 2018 fa-

98 2047 231 2074 cetum
244 2036 370 2084 Iovis,
387 2036 489 2076 haud
516 2036 674 2075 nimium
696 2035 880 2088 diligentis
895 2048 1024 2074 rerum
1042 2035 1296 2073 humanarum
1317 2046 1376 2073 ar-

97 2088 209 2135 bitri,
232 2089 412 2129 somnum
437 2091 482 2129 ad
503 2103 628 2142 partes
647 2101 862 2129 vocarunt:
892 2102 1032 2128 eorum
1058 2089 1228 2141 aliquem
1252 2088 1371 2140 quin,

96 2154 142 2183 ut
164 2142 260 2183 solet
293 2144 332 2182 in
358 2144 551 2197 plurimis,
576 2143 728 2183 secutus
753 2143 868 2183 fuerit
889 2143 1104 2190 Lucianus,
1132 2141 1232 2181 Celfi
1256 2141 1370 2181 locus

95 2198 201 2250 apud
223 2198 423 2250 Originem
450 2199 622 2237 dubitare
646 2211 718 2237 nos
746 2210 825 2236 non
853 2198 1017 2249 patitur:
1047 2195 1278 2235 Tliemistius
1301 2208 1373 2234 eo-

97 2251 185 2290 dem
210 2251 378 2304 respexit
398 2252 469 2292 Or.
486 2252 585 2299 VII,
606 2266 642 2304 p.
656 2266 702 2304 91
730 2252 778 2289 A.
804 2251 918 2290 Ridet
931 2251 1043 2290 etiam
1057 2279 1070 2296 ,
1092 2249 1153 2289 sed
1169 2250 1371 2288 acerbiore

95 2305 187 2345 ioco
201 2336 214 2352 ,
236 2305 390 2345 Baalem
413 2307 683 2345 dormitantem
697 2337 710 2352 ,
733 2315 776 2344 ut
792 2306 857 2344 vix
877 2304 1115 2344 sacerdotum
1137 2303 1372 2342 clamoribus

97 2360 259 2400 excitari
279 2359 391 2414 poffit
405 2391 416 2407 ‚
438 2361 537 2399 Elias
560 2359 614 2398 III
634 2360 732 2413 Reg.
752 2358 911 2405 XVIII,
934 2373 993 2406 27.
1020 2358 1088 2397 Illa
1109 2359 1184 2396 iam
1211 2356 1369 2396 veritati

97 2413 267 2454 fincerae
295 2413 483 2468 sacrisque
518 2415 637 2454 literis
670 2413 856 2467 propiora
874 2442 884 2460 ,
911 2426 1000 2452 cum
1030 2412 1130 2465 apud
1156 2411 1368 2451 Stobaeum

97 2467 289 2520 Tragicus
318 2467 432 2521 poe't'a
457 2469 567 2514 dicit,
601 2466 692 2521 Οὐχ
718 2465 820 2507 εὕδει
845 2469 934 2506 Διὸς
959 2465 1156 2517 ὀφθαλμός·
1180 2465 1370 2506 Aelianus

95 2524 198 2578 apud
215 2522 368 2564 Suidam
389 2523 429 2563 in
446 2522 684 2578 Βραγχίὸοιι,
697 2518 734 2562 οὐ
747 2521 822 2575 μὴν
837 2519 1034 2563 ἐκάθευδεν
1056 2517 1075 2564 ᾖ
1094 2518 1161 2562 τοῦ
1171 2518 1259 2562 ὲεοῦ
1278 2519 1368 2572 πρό-4
