1737 3378
454 264 674 304 13<me
770 253 864 298 10.
899 252 1110 299 FRED.
1143 251 1499 310 REITZII

452 356 617 408 infirmior
625 370 642 402 ;
661 369 760 407 quare
779 354 814 393 6³
828 367 886 406 ego
907 354 1144 406 tergiversabar
1157 354 1280 401 initio,
1297 367 1468 409 utramque
1487 357 1582 410 istam
1603 371 1707 398 excu-
1720 378 1729 397 ι

445 410 595 462 sationis
615 407 752 459 causam
766 409 856 461 serio
877 420 1074 460 praetexens
1086 437 1099 454 ‚
1121 423 1179 447 nec
1196 420 1366 461 praeterea
1385 409 1510 449 lubenti
1526 412 1639 451 animo
1657 412 1708 452 ad
1719 412 1737 455 ἱ,

451 477 538 514 opus
557 464 712 500 edendum
733 462 920 514 accqffurus
929 491 942 508 ‚
963 466 1011 500 ad
1026 465 1118 515 quod
1131 461 1221 500 nihil
1230 462 1303 512 fere
1315 464 1511 515 praeparati
1530 465 1679 504 haberem
1686 493 1704 512 ,

450 519 601 570 quodque
617 531 687 555 meo
711 518 844 567 confilio
868 516 903 553 in
927 517 1029 554 lucem
1050 517 1189 554 emittere
1206 531 1377 568 nunquam
1399 517 1611 569 destinaffim.
1635 519 1707 558 Sed
1735 520 1737 556 ἲ

451 587 525 611 mea
552 585 601 608 me
621 569 702 608 vicit
726 570 805 608 aliis
835 568 1029 622 obsequendi
1063 570 1167 608 nimia
1191 568 1351 620 facilitas
1366 599 1378 618 ‚
1406 571 1441 608 δ’
1461 572 1588 621 gloriae
1620 586 1702 611 con·

450 625 563 663 temtio
578 623 689 662 minus
711 625 750 660 de
764 623 916 674 succeffu
928 622 1078 674 fhllicita
1090 652 1104 668 ,
1111 622 1262 675 finisque
1279 624 1349 662 iarn
1365 640 1388 661 a
1405 624 1593 676 bibliopolis
1609 639 1702 664 com-

444 689 606 730 paratum
627 676 736 729 adeste
750 678 968 729 sisbfidiorum
991 678 1164 721 videbam,
1183 691 1227 714 ex
1247 677 1367 728 quibus
1390 678 1424 715 in
1445 678 1589 717 ordinem
1609 681 1702 717 reda-

451 733 511 770 nis
538 732 632 768 baud
654 731 736 769 levis
750 732 848 781 fieret
865 745 1027 769 novarum
1050 732 1358 769 commentationum
1379 731 1414 769 δ’
1435 731 1699 771 emendationum

449 786 606 837 accqffio,
633 800 718 837 quae
741 785 831 822 lianc
861 783 1032 822 editionem
1055 783 1219 836 prioribus
1243 785 1395 822 omnibus
1417 786 1563 823 redderet
1584 785 1700 825 melio·

448 854 516 878 rem
529 868 542 884 ,
562 850 590 876 et
604 854 616 875 ι
637 852 696 889 ego
717 839 847 876 verbum
872 839 911 874 de
933 853 1002 876 meo
1027 836 1221 889 addidiſjem
1245 838 1383 876 nullum.
1416 839 1563 891 Cumque
1589 853 1703 879 novae

447 894 606 943 'z'erfionis
625 893 840 931 adornandae
858 905 971 929 curam
990 891 1025 928 in
1028 890 1067 941 Je
1085 891 1246 942 recepiſjet
1260 891 1342 930 clar.
1364 891 1492 930 ΙΟΑΝ.
1508 894 1701 936 ΜΑΤΊῊ.

448 948 709 991 GESNERUS,
729 945 825 983 cuius
843 945 1013 995 diligentia
1037 944 1072 982 δ’
1084 943 1220 995 summa
1241 945 1277 982 in
1296 945 1386 983 omni
1404 945 1573 983 literarum
1585 959 1701 998 genere

447 999 591 1038 eruditio
609 999 718 1037 notior
733 999 788 1050 est,
806 1013 904 1050 quam
927 1010 966 1036 ut
984 1012 1033 1035 me
1047 1012 1210 1049 praecone
1227 998 1388 1049 indigeat,
1401 997 1587 1050 ifiyuesuas
1598 999 1699 1039 etiam

447 1052 683 1091 annotationes
707 1053 883 1090 additurus
906 1051 1006 1102 effer,
1037 1051 1176 1089 dimidia
1201 1067 1250 1089 me
1274 1052 1400 1090 laboris
1421 1065 1521 1102 parte
1536 1051 1700 1102 subleva-

446 1120 519 1146 tum
525 1106 707 1158 sentiebam
715 1121 732 1152 ;
755 1106 790 1144 δ’
802 1121 875 1144 cum
889 1106 1054 1157 Jpeffatae
1066 1104 1254 1155 diligentiae
1273 1105 1497 1157 dominaeque
1517 1106 1588 1153 vir,
1603 1108 1701 1144 Mo-

447 1173 522 1199 ses
536 1172 604 1198 ου
616 1162 733 1198 som
756 1159 849 1211 (five
867 1161 1074 1196 SOLANUS
1088 1189 1099 1206 ,
1122 1158 1240 1212 tuipse
1251 1158 1292 1210 se
1309 1158 1450 1210 scribere
1472 1158 1588 1211 amat)
1604 1158 1699 1210 fiztis

446 1215 507 1252 diu
536 1215 571 1251 in
591 1213 807 1252 emaculando
829 1212 981 1251 Luciano
1002 1224 1184 1264 occup-itus
1210 1224 1310 1251 notas
1323 1212 1413 1263 ficas
1434 1213 1484 1250 ad
1502 1227 1577 1251 eum
1591 1214 1696 1266 plane

445 1268 627 1320 descriptas
648 1283 689 1305 ac
708 1267 822 1320 praelo
846 1277 993 1318 paratas
1013 1265 1190 1318 reliquiffit
1205 1296 1217 1312 ,
1250 1266 1305 1304 vel
1330 1267 1393 1305 hoc
1417 1266 1546 1305 nomine
1571 1267 1694 1318 egregie

445 1321 732 1360 commendabilem
748 1319 904 1372 futuram
924 1321 1090 1358 cernebam
1110 1320 1302 1365 editionem,
1318 1322 1355 1371 si
1363 1319 1451 1371 solis
1468 1320 1587 1359 horum
1611 1321 1697 1360 duo·

445 1391 539 1420 rum,
565 1374 703 1425 Gesneri
714 1390 754 1412 ae
773 1373 913 1420 solani,
933 1373 1165 1425 acceffionibus
1186 1374 1329 1412 ditatam
1348 1373 1531 1412 emitterem.

500 1429 573 1467 His
597 1428 832 1480 consideratis,
859 1440 964 1466 cetera
998 1427 1089 1476 coepi
1114 1428 1330 1480 pervestigare
1357 1426 1585 1475 adminicula,
1610 1441 1696 1480 quae

444 1482 528 1521 milii
548 1498 571 1520 a
593 1481 743 1521 Iacobo
766 1479 1008 1526 Wetstenio,
1032 1480 1161 1532 eiusque
1172 1480 1266 1531 flacio
1285 1496 1326 1519 ac
1340 1479 1451 1532 fratre
1467 1493 1529 1531 per
1545 1480 1696 1535 affinita-

442 1547 507 1574 tem
523 1536 634 1574 iunt‘lo
645 1565 657 1581 ,
671 1534 870 1574 Gulielmo
887 1533 1007 1573 Smith
1026 1535 1262 1580 tradebantur,
1280 1534 1387 1573 medio
1394 1532 1466 1584 sere
1485 1549 1576 1572 anno
1591 1551 1694 1587 1737,

441 1589 667 1641 comperique,
683 1588 775 1639 satis
789 1587 954 1640 superff
972 1587 1132 1639 molestiae
1151 1588 1186 1625 in
1208 1588 1252 1626 iis
1273 1588 1308 1626 in
1335 1587 1480 1626 ordinem
1504 1587 1692 1639 refigendis

440 1658 485 1681 ac
510 1641 729 1691 describendis
738 1671 752 1688 ,
777 1657 835 1680 nec
853 1642 932 1692 fieri
949 1639 1061 1692 poffi,
1085 1654 1125 1679 ut
1140 1643 1213 1692 fine
1236 1642 1308 1680 ulla
1331 1641 1450 1680 addita
1473 1641 1689 1681 animadver-

431 1699 529 1748 fione
545 1708 608 1734 aut
626 1695 896 1735 commentatione
917 1695 961 1732 iis
980 1707 1096 1733 uterer.
1117 1697 1202 1733 Non
1225 1708 1334 1734 tamen
1355 1711 1404 1734 me
1423 1695 1578 1734 deterruit
1596 1695 1693 1735 labor

438 1750 495 1789 ille
507 1779 521 1796 ,
544 1765 609 1802 quo
631 1765 680 1787 me
701 1766 737 1788 eo
754 1749 888 1788 celerius
906 1747 1044 1800 defungi
1062 1748 1155 1802 poſje
1176 1750 1400 1800 confidebam,
1420 1751 1513 1801 quod
1529 1748 1565 1786 in
1586 1748 1692 1800 legen-

437 1804 495 1842 dis
517 1803 662 1842 Lueiani
679 1803 818 1856 scriptis
837 1818 904 1841 non
922 1803 1026 1856 plane
1053 1803 1170 1855 hospes
1191 1817 1305 1850 eram,
1331 1813 1370 1841 ut
1390 1817 1433 1841 ex
1456 1802 1577 1841 crebris
1601 1802 1690 1855 eius-

438 1861 511 1896 dem
532 1858 615 1897 locis
628 1887 642 1904 ‚
664 1873 747 1910 quos
773 1857 807 1895 in
833 1857 923 1894 notis
947 1873 969 1895 a
994 1873 1042 1895 me
1067 1858 1228 1895 adduam
1251 1855 1285 1893 ὁ·
1308 1857 1394 1895 inter
1410 1855 1449 1908 ft
1474 1869 1688 1909 comparatos

436 1912 591 1957 videbis,
607 1912 745 1964 patebit.
770 1910 889 1948 Satius
911 1910 1016 1961 igitur
1036 1911 1124 1949 duxi
1147 1911 1319 1949 editionem
1343 1925 1403 1956 ea,
1429 1924 1531 1961 quam
1559 1923 1690 1964 tempus

432 1966 663 2017 permittebat,
686 1965 860 2016 diligentia
876 1979 1084 2017 promovere,
1097 1979 1197 2018 quam
1216 1964 1319 2006 nimia
1330 1964 1558 2015 fhllicitudIne
1565 1965 1689 2017 singu·

437 2019 475 2057 la
491 2019 735 2073 pervestigandi
761 2019 889 2056 diutius
909 2033 1061 2071 premere.

493 2076 545 2112 Et
562 2074 714 2126 quamvis
735 2074 830 2111 lenor
849 2087 918 2111 non
929 2072 1041 2124 soleat
1058 2086 1196 2125 rogare,
1216 2083 1333 2124 quam
1356 2070 1437 2110 cito
1451 2101 1466 2117 ,
1481 2070 1548 2123 sed
1567 2083 1689 2125 quam

435 2126 559 2167 bene?
580 2127 789 2179 necffzrium
806 2138 916 2164 tamen
933 2127 986 2166 tn‘c
997 2128 1041 2176 esl
1060 2140 1332 2171 commemorare,
1352 2140 1452 2178 quam
1469 2140 1590 2178 parum
1603 2138 1686 2165 tem-

430 2181 528 2233 poris
544 2183 592 2219 ad
607 2182 688 2220 haec
710 2183 956 2234 deproperanda
977 2180 1057 2219 mihi
1064 2179 1173 2231 fuerit
1190 2179 1367 2230 concefficm
1378 2194 1395 2226 ;
1419 2181 1503 2218 adeo
1521 2191 1560 2218 ut
1581 2180 1687 2219 inter-

434 2238 516 2274 dum
536 2251 577 2274 ne
589 2235 742 2288 spatium
761 2236 888 2288 quidem
903 2233 1080 2286 supereſjit
1099 2237 1148 2272 ad
1161 2234 1357 2273 excutienda
1375 2245 1529 2282 excerpta
1547 2249 1620 2272 mea
1642 2234 1690 2272 B·

434 2289 558 2328 teraria
571 2318 581 2337 ,
601 2305 643 2328 ex
665 2290 783 2342 quibus
807 2289 948 2327 aliorum
969 2291 1137 2343 aud-‘'lorum
1161 2287 1342 2340 testimonia
1363 2290 1414 2326 ad
1434 2288 1687 2338 confirmandas

434 2344 617 2382 nonnullas
635 2344 875 2382 emendationes
890 2341 1058 2394 facientia
1075 2345 1254 2394 producere
1267 2340 1445 2396 potusffim
1455 2355 1473 2388 ‚·
1499 2343 1580 2380 daco
1597 2341 1685 2381 enim
1705 2381 1707 2387 Α

428 2397 495 2449 sex
515 2410 646 2436 tantum
663 2399 942 2436 hebdomadarum
961 2398 1010 2434 ad
1021 2397 1150 2448 aliquot
1160 2395 1322 2448 plagulas
1343 2395 1458 2448 praelo
1472 2408 1685 2448 praeparan-

434 2455 499 2490 das
518 2450 658 2503 spado,
683 2466 815 2504 operam
845 2451 958 2489 deinde
984 2450 1171 2502 bibliopolis
1203 2450 1324 2488 addixi
1347 2463 1387 2487 ea
1415 2448 1507 2501 lege,
1532 2461 1571 2487 ut
1589 2449 1688 2488 haud

432 2507 615 2558 interrupto
622 2505 790 2556 scribendi
808 2505 917 2543 labore
936 2517 1066 2543 tantum
1081 2503 1224 2556 quotidie
1238 2504 1333 2555 pensi
1343 2501 1565 2554 absolverem,
1578 2517 1686 2555 quan-

433 2572 506 2603 tum
522 2561 616 2600 haud
627 2560 763 2613 impiger
780 2561 954 2613 typotheta
974 2558 1174 2598 continuata
1196 2572 1294 2610 opera
1316 2558 1410 2611 typis
1429 2555 1605 2610 describere
1621 2570 1689 2600 vae
