1737 3378
321 219 426 268 ΙΝ
491 206 1024 268 T'IMONEM.
1219 232 1310 285 335

47 311 133 354 tulis
161 308 358 364 agminatim
382 310 530 364 ingestis.
554 309 726 350 Acutum
752 309 844 349 illud
863 308 976 348 Fabri
997 308 1043 347 de
1065 305 1242 347 Luciano
1262 306 1319 348 ὑε-

0 381 1 410 i
51 369 118 406 τὶς
139 364 329 418 ῥωγὲιιῖος
348 364 386 402 in
401 365 578 403 oratione
601 363 711 417 prosa
726 362 906 415 φορτικῶς
931 362 1006 400 dici
1030 362 1215 401 iudicante
1234 374 1316 402 non

0 467 1 472 ¹
49 419 191 460 laudo:
218 418 311 471 quid
362 417 597 464 robabilius,
628 430 764 469 quarn,
791 415 896 468 quod
920 414 1126 467 suspicatus
1152 416 1204 454 est
1231 415 1318 455 Ien-

47 473 148 520 ssus,
176 472 268 511 haec
293 483 315 510 e
346 483 367 509 e
385 483 407 509 e
426 471 548 510 veteri
573 473 689 522 po'e'ta
707 470 878 521 Tragico
898 468 1092 508 desumta?
1121 468 1206 508 sunt
1226 468 1317 509 sane

0 556 1 575 3
51 526 172 565 verba
197 525 386 577 Tragica,
412 523 452 563 &
478 523 618 576 grande
644 523 818 575 quiddam
847 521 1003 561 sonant:
1037 522 1095 560 sed
1122 533 1316 575 praeterea

0 590 1 596 ¹
51 578 251 620 horridum
290 577 430 629 aliquid
467 589 512 615 ac
547 589 666 629 paene
705 575 883 615 insulsum
922 576 959 613 in
995 575 1069 614 istis
1089 604 1099 622 ‚
1140 579 1318 625 ποταμὶς

0 662 1 691 ¹
52 632 194 673 ἑκάστη
219 631 404 684 σταγὼν,
435 629 560 683 qualia
585 630 810 682 Longinus,
836 639 881 668 ut
910 638 1034 682 puto,
1065 629 1101 667 in
1132 628 1316 681 castigato

52 686 238 739 scriptore
262 697 465 737 nunquam
488 684 620 722 ferret:
647 696 771 736 neque
794 682 974 722 abhorret
996 683 1153 733 utique,
1173 681 1200 720 s1
1223 683 1319 723 haec

0 748 1 783 Ξ
52 741 99 780 de
127 739 209 793 ipso
240 738 387 778 diluvio
413 737 681 777 Deucalioneo
712 751 734 775 a
760 748 997 789 quocunque
1026 736 1179 774 demum
1210 734 1318 775 fuiffe

0 786 2 811 ἱ
52 793 174 848 posita
190 792 402 832 credamus.
432 790 611 830 Poterant
628 790 758 830 eadem
774 789 929 829 ridicule
947 789 1099 842 quidem
1118 789 1156 828 δι
1178 802 1245 841 per
1262 790 1320 828 io-

53 861 143 888 cum
171 859 193 885 a
217 846 386 886 Comico
409 846 593 898 quopiam
623 845 744 884 videri
769 844 889 883 dicta:
920 856 1082 896 eamque
1107 843 1147 881 in
1171 852 1320 895 partem

0 943 1 952 ἵ
51 899 287 955 potiffimum
313 899 530 939 inclinarem
545 929 556 947 ‚
576 896 646 938 nifi
673 911 734 937 me
752 899 932 937 retineret
951 897 1042 936 illud
1060 897 1217 935 Luciani
1232 910 1321 948 φορ·

0 954 1 958 ’
52 954 180 1000 τικῶς,
209 953 314 1007 quod
337 953 432 1006 quin
455 952 546 1003 παρ’
571 949 742 992 ὑπόνοιαν
766 965 839 1005 pro
864 950 1064 991 ’ποιητικῶς
1091 950 1154 989 vel
1177 964 1322 1003 τραγι-

54 1008 126 1048 κῶς
139 1006 183 1047 sit
201 1007 369 1062 positum
383 1037 395 1053 ‚
415 1007 484 1045 vix
499 1006 744 1045 dubitandum
761 1006 926 1044 videtur.
946 1005 1027 1043 Iam
1054 1004 1144 1043 mihi
1166 1017 1256 1044 cum
1274 1004 1320 1042 il-

54 1062 103 1101 lis
127 1074 310 1115 compara
333 1061 474 1102 dictum
495 1059 617 1100 Basilii
641 1059 789 1098 Seleuc.
819 1058 890 1098 Or.
912 1058 929 1097 1
951 1058 995 1098 de
1014 1058 1129 1104 Noe,
1158 1058 1199 1098 &
1223 1057 1323 1097 dilu-

53 1116 128 1156 vio
153 1115 280 1156 sacro:
305 1112 435 1154 ἄνωθεν
452 1110 593 1165 οὐρανὸς
614 1113 841 1166 χειμάβρους
866 1110 1031 1163 ὑκόντιξε
1054 1112 1127 1151 διε.
1152 1111 1228 1151 hoc
1252 1111 1323 1151 sci·

56 1169 145 1209 licet
162 1170 227 1209 vel
242 1169 429 1208 Lucianus
447 1167 511 1206 vel
525 1168 720 1219 Longinus
742 1167 906 1219 probare
922 1165 1137 1219 potuissent.
1168 1178 1248 1205 non
1263 1166 1323 1205 lu-

20 1218 26 1224 *
56 1223 123 1263 bet
143 1223 215 1262 alia
235 1221 409 1277 proferre
433 1220 568 1274 plura,
587 1221 653 1260 ubi
678 1222 714 1259 in
730 1221 800 1260 hac
825 1219 900 1273 ipsa
923 1233 964 1259 re
984 1221 1077 1259 boni
1095 1219 1246 1267 Patres,
1267 1219 1324 1258 ni-

58 1278 132 1317 mis
154 1276 265 1330 saepe
292 1277 331 1314 in
354 1287 549 1314 tumorem
578 1275 763 1314 orationis
791 1274 1018 1313 indecorum
1044 1274 1187 1326 proni,
1213 1285 1323 1325 para-

57 1332 304 1384 tragoediam.
341 1329 429 1368 Iure
457 1329 595 1368 merito
622 1328 779 1368 Photius
803 1328 842 1366 in
872 1328 1050 1381 Eunapio
1084 1327 1325 1380 reprehendit

57 1383 293 1436 ποταμῶἓες
308 1382 481 1436 δάκρυον,
493 1383 599 1435 quod
610 1383 648 1421 in
663 1382 913 1433 dithyrambo
925 1382 1007 1428 viX,
1022 1393 1066 1420 ac
1086 1394 1136 1420 ne
1155 1381 1221 1419 vix
1236 1382 1325 1433 qui-

58 1438 168 1485 dem,
182 1438 402 1486 condones,
426 1451 462 1490 p.
488 1449 584 1485 100,
609 1437 674 1476 ubi
690 1435 948 1484 reffiffimam,
970 1448 1050 1487 qua
1071 1445 1154 1473 erat
1175 1436 1322 1488 optima

60 1493 248 1533 iudicandi
278 1491 482 1537 facultate,
513 1491 559 1530 de
587 1489 780 1544 scriptoris
808 1490 925 1529 huius
953 1488 1037 1528 stilo
1071 1487 1143 1528 fert
1170 1487 1325 1528 senten·

59 1547 162 1587 tiam.
192 1547 354 1586 HEMST.

112 1603 187 1640 ead.
200 1601 222 1640 l.
241 1613 300 1639 10.
311 1598 434 1638 ’Ύετοί
443 1613 487 1639 τε
502 1597 711 1653 ῥαγὲαῖοι)
724 1597 770 1637 In
783 1597 839 1637 his
857 1597 988 1637 verbis
1001 1596 1122 1636 Faber
1144 1595 1242 1636 delet
1263 1608 1323 1637 'm‘

61 1667 133 1694 nec
151 1666 253 1695 certe
275 1654 322 1693 ad
337 1653 482 1693 sensum
502 1653 734 1706 requiritur,
751 1665 837 1691 cum
855 1652 1058 1705 praecedat
1079 1650 1159 1698 noeoe'3
1178 1651 1323 1690 debuis-

61 1708 115 1749 set
130 1709 244 1749 etiam
258 1706 342 1761 post
357 1706 542 1760 ῥαγδαῖοι
560 1706 634 1746 effe
648 1706 893 1746 collocatum.
924 1705 996 1745 Sed
1012 1703 1180 1757 suspicor
1191 1735 1204 1750 ‚
1229 1704 1327 1744 haec

61 1763 184 1802 verba
202 1775 250 1802 ex
275 1762 439 1814 antiquo
461 1761 595 1813 aliquo
614 1761 786 1813 Tragico
807 1758 881 1799 effe
906 1759 1077 1798 desumta
1092 1788 1106 1804 ,
1130 1758 1169 1797 δι
1188 1771 1327 1811 quarn-

63 1818 122 1856 vis
142 1815 376 1870 superfluum
390 1845 401 1862 ‚
417 1814 587 1854 maluiffe
598 1815 782 1853 Nostrum
803 1814 965 1853 retinere
980 1813 1070 1853 illud
1084 1826 1140 1850 τε.
1164 1812 1204 1851 δι
1224 1822 1328 1851 certe

63 1870 94 1911 fi
115 1870 231 1917 adsit,
248 1869 368 1911 verba
392 1870 568 1922 grandius
586 1867 743 1916 sonant3
758 1881 803 1907 ac
824 1879 981 1921 propter
996 1866 1154 1906 eandem
1175 1865 1327 1905 causam

63 1924 256 1972 existimo,
274 1924 375 1963 idem
399 1923 488 1962 illud
502 1938 545 1961 τε
562 1923 616 1962 ita
634 1923 740 1962 initio
764 1922 948 1961 orationis
962 1920 1152 1974 positum,
1176 1919 1328 1972 aclegi-

66 1991 154 2018 mus
176 1978 298 2018 statim
321 1991 409 2018 cum
427 1977 619 2030 principio
638 1975 813 2029 opusculi
831 1976 875 2014 de
895 1973 1120 2027 Astrologia
1132 2004 1144 2019 ‚
1158 1974 1270 2022 Ἀμφί
1282 1987 1328 2012 τε

67 2029 213 2085 οὐρανοῦ
221 2061 235 2078 ,
257 2032 355 2082 ἀμφί
371 2046 416 2070 τε
438 2031 598 2084 ἀστέρων
620 2027 792 2083 ἧγραῳίν.
824 2028 1008 2068 Ceterum
1024 2027 1208 2081 ῥαγδαῖοι
1229 2025 1330 2067 ὑετοὶ

66 2086 206 2128 iterum
233 2085 415 2138 leguntur
437 2085 538 2138 apud
559 2083 742 2124 Nostrum
766 2082 913 2135 Philop.
943 2082 959 2132 §
981 2096 1042 2130 24.
1068 2080 1187 2133 IENs„
1205 2080 1331 2121 Cuius

66 2140 162 2180 haec
177 2139 296 2179 verba
313 2138 408 2188 fiat,
429 2137 566 2179 nescio.
586 2137 701 2178 Certe
712 2137 867 2190 Tragici
886 2135 980 2183 effe,
993 2148 1075 2175 non
1094 2134 1257 2176 obscure
1273 2134 1333 2179 inq

36 2216 39 2220 <
68 2194 164 2234 nuit.
187 2193 345 2233 SOLAN.

125 2250 199 2286 ead.
215 2248 239 2286 ι’.
261 2261 276 2285 1
288 2260 320 2285 1.
334 2248 387 2285 Ἕν
410 2245 549 2299 ιἰκοιρεῖ
566 2244 722 2298 χρὸνου)
747 2245 917 2298 Temporis
931 2257 1105 2283 momento.
1120 2242 1258 2282 BROD.
1272 2240 1330 2281 Ita

72 2300 211 2341 Noster
231 2300 342 2353 saepe
367 2299 382 2349 §
404 2315 464 2353 23.
488 2300 535 2339 ad
548 2299 770 2339 Atticorum
790 2299 1017 2351 elegantiam
1040 2297 1159 2349 magis
1180 2308 1333 2336 conve-

71 2356 126 2394 nit
145 2355 178 2394 ὲν
191 2353 593 2408 ἀκαρεῖχρὸνῳ,·ᾳυοά
606 2352 882 2406 Aristophanes
894 2352 1005 2391 habet
1018 2352 1055 2390 in
1070 2350 1166 2389 Plut.
1181 2364 1220 2389 v.
1238 2363 1329 2397 244,

74 2409 127 2447 ibi
147 2408 235 2448 vide
254 2408 317 2447 Ez.
338 2408 621 2460 Spanhemium.
642 2408 694 2446 Ἐν
719 2406 855 2458 ἀκαρεῖ
872 2406 1004 2461 χρόνου
1021 2403 1173 2445 Aristid.
1199 2402 1331 2456 Quin·-

73 2462 146 2502 Stil.
165 2463 210 2501 de
235 2461 336 2501 Mus.
350 2462 427 2508 ΙΙΙ,
452 2477 487 2516 p.
518 2463 603 2501 162.
630 2462 794 2500 HEMST.

126 2517 206 2558 ibid.
218 2516 401 2570 Nauayioe
413 2516 477 2558 ἐπὶ
488 2513 555 2556 τοῦ
566 2514 840 2568 Δευκαλίωνος)
853 2514 944 2558 Vid.
956 2519 1040 2566 Συρ.
1051 2527 1084 2555 c.
1103 2527 1118 2554 1
1127 2528 1164 2563 2,
1178 2512 1243 2554 ubi
1255 2509 1335 2555 fuse
