1737 3378
391 191 484 251 ,ὦ
587 185 1451 235 ANNOTATIONES

391 277 478 316 λεὺς
501 273 753 327 (Persarum)
778 271 844 315 ἐπὶ,
869 286 902 324 χ
909 269 1018 324 ρυσοῧ
1045 271 1166 322 ,θρόνου
1196 275 1373 320 crambe,
1390 271 1457 315 οἷον
1479 277 1589 317 ταώς.
1611 276 1652 317 in
1696 268 1698 272 ι

393 329 552 368 Heroic.
570 341 605 379 p.
621 341 700 376 724
714 326 759 364 ad
776 338 972 379 pavonem
987 324 1183 364 confertur
1199 325 1300 366 Paris
1319 328 1356 365 in
1372 329 1478 368 cultu
1492 331 1656 370 nitidiffi-

393 394 462 419 mo
478 379 551 419 sese
564 379 880 438 circumspiciens.
896 378 1020 430 Quod
1035 389 1161 418 autem
1178 377 1358 431 sequitur,
1373 382 1492 434 τάχα
1505 382 1569 421 τῆς
1580 398 1654 433 μη·
1692 408 1696 414 -

390 434 474 485 τρός
495 433 600 472 ἐστιν
624 431 764 479 αὐτοῦ,
790 431 840 472 sic
862 432 1084 485 capiendum
1110 443 1217 484 putat
1240 432 1439 484 Cuperus,
1457 435 1561 488 quasi
1585 437 1654 476 ho-
1696 460 1711 468 -

392 487 513 526 mines
529 487 665 526 urbani
687 497 845 526 matrem
867 487 955 525 huic
978 487 1111 525 iuveni
1135 485 1266 525 stolide
1293 485 1332 525 su
1363 487 1458 526 erbo
1484 491 1654 529 meretri-

392 551 477 578 cem
497 540 705 580 obiicerent
721 539 814 580 Obs.
840 539 893 587 11,
913 539 957 585 8,
979 553 1013 590 p.
1041 538 1129 591 289.
1150 552 1274 592 neque
1293 541 1326 578 di
1359 541 1480 580 entio:
1501 541 1561 581 sed
1586 543 1653 583 ista

392 606 479 632 cum
511 593 717 641 scribebat,
739 594 794 632 ubi
820 605 941 631 narr-u
961 593 1137 632 Luciatzus
1147 623 1161 639 ,
1183 595 1346 642 quendam
1370 595 1531 646 introitffe
1558 598 1653 635 thea-

390 659 477 686 trum
490 648 643 686 indutum
662 650 744 700 veste
758 647 880 694 varia,
905 647 1029 686 minus
1049 645 1240 686 attendiss'e
1261 646 1460 700 Cuperum
1485 648 1568 688 satis
1584 663 1655 702 pa-

387 710 453 740 tet.
478 701 643 740 HEMST.

444 756 517 793 ead.
541 756 564 794 l.
590 764 631 794 2:
655 754 777 807 Τάχα,
803 752 873 792 τῆς
903 754 1068 805 μητρὶς)
1107 755 1211 805 Vestis
1240 755 1321 793 haec
1351 755 1469 794 matris
1495 756 1568 794 eius
1594 758 1650 809 est.

389 807 531 847 Erasm.
556 809 594 847 in
617 807 771 860 adagio:
800 809 908 858 Quem
925 819 1032 845 mater
1043 807 1194 846 amiHum
1212 810 1301 846 dedit
1317 810 1492 859 ohservare.
1509 809 1648 848 BROD.

389 861 637 914 Subintellige
657 860 808 911 ἱμάτια·
820 859 912 912 fhrte
928 860 991 898 hae
1010 862 1112 913 vestes
1124 860 1210 911 sunt
1228 863 1344 900 matris
1364 863 1453 900 eius:
1475 875 1564 901 nam
1581 876 1650 902 ve·

388 913 460 953 stes
472 915 600 953 variae
615 915 819 953 muliebres
837 922 957 959 erant,
975 926 1054 952 non
1072 914 1207 954 viriles.
1221 913 1287 954 Ine
1316 926 1352 954 te
1367 916 1563 967 interpres,
1571 915 1651 966 fhr-

389 968 474 1019 mffie
485 967 572 1019 suae
593 969 646 1007 lzic
664 971 706 1022 est
728 968 855 1007 matris.
874 966 977 1019 Quis
997 979 1095 1006 vero
1117 980 1197 1007 non
1211 967 1264 1007 est
1294 981 1364 1008 uae
1379 969 1507 1008 matris
1519 968 1649 1009 filius?

386 1022 452 1059 ubi
476 1021 537 1060 hic
560 1023 747 1061 acumen?
771 1020 895 1060 CLER.

442 1078 514 1113 ead.
534 1075 557 1114 l.
580 1091 618 1123 4.
639 1074 714 1115 Τῶν
731 1074 943 1114 &emunim
961 1075 1002 1112 το
1022 1071 1180 1127 πλῆθος)
1206 1074 1269 1114 De
1293 1075 1432 1115 horum
1456 1088 1621 1116 numero
1634 1105 1649 1123 ,

385 1129 544 1169 materia
564 1129 604 1168 δε
621 1128 687 1168 usu
705 1128 814 1181 plene
829 1128 926 1167 alibi.
941 1127 1112 1167 BOURD.

441 1185 512 1221 ead.
538 1182 560 1220 I.
587 1196 624 1231 7.
650 1186 824 1232 Δημοσίᾳ.
847 1180 1180 1231 πεπαιθευμένος)
1200 1181 1262 1221 Sic
1291 1181 1328 1220 in
1358 1181 1514 1233 Scytha.
1540 1183 1580 1223 &
1610 1184 1649 1223 in

387 1235 495 1275 omni
518 1236 672 1275 civitate
696 1235 816 1288 frugi,
843 1236 1013 1274 advenae
1032 1235 1198 1286 δημοσίᾳ
1216 1235 1478 1275 παιδεύονται·
1501 1249 1577 1290 qua
1602 1238 1649 1278 de

387 1301 429 1328 re
449 1289 534 1328 dico
558 1288 712 1342 copiose
734 1290 833 1328 alibi.
863 1289 1036 1328 Eoum).

443 1345 508 1380 ead
536 1344 559 1381 l.
589 1357 603 1381 1
618 1356 647 1381 1.
669 1343 844 1390 Βοιπτόν)
871 1343 984 1381 Colore
1006 1342 1119 1395 aliquo
1142 1341 1309 1394 infi’Hum.
1330 1343 1520 1382 Videntur
1542 1343 1645 1384 enim*

385 1394 636 1435 Athenienses
650 1396 816 1435 vestibus
827 1395 990 1435 candidis
1002 1396 1123 1434 induti
1138 1396 1248 1435 ludos
1260 1395 1450 1448 spectasse,
1465 1398 1520 1436 uti
1535 1398 1649 1437 etiam

387 1447 490 1487 sacra
513 1448 659 1495 feciffe,
679 1462 724 1489 ac
747 1448 782 1488 se
803 1450 848 1488 ad
869 1449 1049 1488 laetitiam
1072 1448 1218 1488 dedisse.
1240 1448 1418 1488 Aeschin.
1436 1453 1539 1489 κατὰ
1554 1456 1649 1491 Κτη-

386 1515 465 1548 σιφ.
482 1502 545 1540 καὶ
559 1502 690 1541 λευκὴν
707 1501 849 1541 {citri-ta
869 1503 1004 1547 λαβὼν,
1026 1502 1217 1548 ἐβουθύτει.
1240 1503 1378 1542 BROD.
1398 1503 1578 1543 Solebant
1594 1506 1649 1544 ni-

386 1555 525 1594 mirum
549 1555 736 1602 Athenis,
762 1557 1083 1609 quemadmodum
1109 1556 1261 1596 Romae
1275 1587 1288 1602 ,
1310 1557 1475 1609 antiquis
1496 1569 1649 1611 tempo·

384 1608 490 1648 ribus
514 1610 680 1651 candidis
698 1609 867 1650 vestibus
892 1611 961 1649 uti.
991 1610 1090 1650 Vide
1113 1609 1312 1663 Theophr.
1337 1609 1451 1650 Char.
1479 1611 1534 1651 XI
1559 1611 1646 1665 περὶ

382 1663 627 1717 μικρολογίας
648 1663 717 1704 sub
737 1663 864 1703 finem.
885 1663 1012 1703 CLER.

451 1717 531 1755 ibid.
553 1721 703 1757 Βοισντὸν
731 1739 812 1748 —-
836 1717 968 1768 νόμον)
992 1716 1108 1767 Νόμος
1129 1719 1212 1769 ’γὰρ
1232 1714 1428 1767 Ἀθήνῃσιν,
1449 1728 1492 1758 ut
1511 1718 1645 1760 Suidas

381 1768 460 1816 ait,
483 1772 557 1808 τὰς
581 1769 729 1823 ἑταίροις
754 1769 875 1811 ἄνθινοι
896 1771 1026 1822 φορεῖν.
1051 1773 1215 1811 VORST.
1243 1771 1355 1824 Legis
1380 1771 1493 1812 huius
1517 1773 1646 1813 Athe-

380 1823 565 1862 niensium
583 1837 630 1864 ne
645 1825 836 1864 Meurfius
853 1826 1004 1877 quidem
1019 1855 1032 1871 ,
1057 1825 1190 1864 harum
1216 1837 1343 1875 rerum
1369 1826 1567 1878 indagator
1585 1827 1644 1866 di-

380 1876 643 1930 ligentiflimus
653 1909 666 1924 ,
689 1880 790 1931 apud
804 1879 900 1918 alios
919 1879 1095 1918 auctores
1109 1878 1309 1931 vestigium
1325 1880 1490 1932 reperire
1504 1882 1646 1932 potuit.

378 1930 669 1984 Olympionicis
691 1946 828 1985 nempe
850 1931 936 1972 solis
959 1933 993 1972 id
1016 1931 1161 1972 licuiss'e
1185 1943 1288 1985 patet
1310 1946 1358 1972 ex
1388 1933 1537 1979 nostro,
1567 1941 1644 1975 An-

374 1998 467 2033 μων.
488 1998 520 2024 c.
546 1986 603 2024 16.
627 1985 797 2026 Consule
818 1986 969 2025 Suidam
988 2000 1028 2025 v.
1050 1987 1213 2032 βαπτὰ,
1235 1986 1274 2025 &
1297 1986 1490 2039 Aristoph.
1516 2001 1551 2039 p.
1579 2002 1641 2041 55.

375 2037 448 2076 Sed
464 2039 530 2090 qui
549 2037 606 2085 fit,
630 2040 792 2093 inquies,
815 2051 857 2078 ut
874 2053 1016 2092 pauper
1036 2039 1178 2079 vestem
1195 2053 1275 2078 non
1297 2040 1464 2087 haberet,
1480 2040 1547 2080 nisi
1570 2043 1640 2086 βαι·

375 2091 499 2131 mn?
518 2091 659 2131 Forsan
684 2094 724 2133 δι
744 2094 804 2133 hic
823 2095 924 2144 pull-z
944 2094 1182 2147 intelligenda
1207 2093 1284 2139 est,
1305 2107 1386 2146 quo
1406 2093 1512 2134 sensu
1536 2095 1641 2148 apud

376 2145 519 2184 Athen.
546 2148 583 2184 in
611 2145 780 2188 Comico
803 2146 986 2193 sumitur,
1011 2162 1086 2200 ²90
1111 2148 1156 2188 C.
1185 2147 1345 2187 SOLAN.
1374 2147 1506 2188 Solum
1525 2149 1641 2189 huius

373 2197 468 2250 legis
490 2198 619 2238 testem
643 2202 860 2252 producunt
888 2201 1095 2241 Lucianum
1121 2201 1150 2240 1.
1177 2201 1366 2241 Meursius
1387 2202 1524 2241 Them.
1547 2203 1631 2242 Att.

373 2250 436 2300 ΙΙ,
463 2267 524 2306 34,
545 2253 703 2293 Panath.
723 2269 754 2295 c.
781 2254 893 2303 xlv,
914 2256 955 2295 &
978 2255 1078 2295 Sam.
1102 2254 1244 2294 Petitus
1263 2255 1336 2294 LL.
1353 2255 1436 2294 Art.
1460 2268 1543 2308 pag.
1568 2271 1631 2309 23.

372 2318 494 2357 quare
517 2319 537 2344 a
557 2305 722 2356 Solone,
743 2322 791 2348 an
819 2307 903 2361 post
927 2321 1015 2348 eum
1040 2307 1152 2349 fuerit
1175 2309 1273 2354 lata,
1297 2309 1447 2348 decerni
1473 2321 1520 2348 ne
1549 2310 1630 2349 uit:

369 2359 470 2398 ratio
498 2370 625 2399 tamen
650 2375 728 2401 non
758 2362 811 2402 est
836 2363 874 2400 in
905 2361 1081 2402 obscuro.
1111 2362 1258 2402 Scilicet
1279 2361 1390 2401 ludos
1413 2362 1501 2402 casti
1531 2376 1633 2405 imae

368 2410 542 2452 Dearum
564 2415 766 2455 Minervae
788 2415 916 2454 sacros
939 2415 975 2454 in
999 2426 1138 2455 ornatu
1163 2416 1379 2456 meretricio
1403 2429 1447 2455 ac
1469 2415 1628 2457 lenonio

364 2464 524 2519 spectari
541 2468 771 2510 noluerunt:
792 2468 1031 2523 πορνοβοσκὸς
1052 2471 1198 2516 βαπτὸν
1213 2469 1482 2527 ἁμπεχέμενος
1496 2469 1631 2523 τριβ(ὂ-,
