1737 3378
420 236 513 282 304
622 215 1489 266 ANNOTATIONES

414 303 580 343 Insulam
601 314 731 342 autem
751 302 845 342 olim
865 301 972 342 fuiffe
994 302 1299 354 Tyrum‚docet
1322 303 1423 344 inter
1445 305 1543 346 alios
1562 305 1682 348 ovid.

415 359 513 396 Met.
526 356 621 402 XV,
641 355 729 394 288.
744 356 845 395 Vide
857 356 1096 396 Bochartum
1106 355 1253 408 Geogr.
1269 355 1365 404 11‚l.
1387 372 1426 402 2,
1440 372 1472 398 c.
1488 374 1549 411 27.
1562 361 1682 400 Alex-

415 410 525 462 andri
547 409 604 448 M.
635 411 897 463 oppugnantis
923 410 1103 462 operibus
1130 411 1342 449 continenti
1376 411 1504 451 iunfta
1534 412 1598 452 est.
1637 413 1679 454 A

416 464 569 503 Cadmo
584 475 710 504 autem
734 463 885 503 invefia
902 464 939 502 in
952 463 1153 505 Graeciam
1169 464 1360 503 literarum
1381 465 1567 506 elementa
1583 479 1683 507 con-

414 517 516 556 flans
533 516 573 556 δι
599 528 691 556 vera
712 518 866 556 traditio
893 516 958 556 est.
978 518 1031 556 V.
1057 516 1158 570 Lips.
1177 518 1224 556 ad
1245 517 1369 556 Tacit.
1396 520 1588 566 Ann.X1‚
1617 534 1680 570 14.

414 570 481 611 De
501 571 652 623 origine
671 571 865 610 literarum
888 571 989 624 apud
1005 570 1178 610 Graecos
1195 571 1277 623 lege
1292 571 1574 612 eruditiffimam
1591 573 1683 613 Sca.

413 625 546 678 ligeri,
563 626 675 677 supra
697 625 908 671 laudatam,
930 623 1257 664 Differtationem.
1272 625 1344 664 Sed
1364 636 1445 664 Χνι
1466 637 1614 666 tantum
1628 627 1680 666 ab

415 692 466 718 eo
492 678 613 718 illatas
637 690 787 718 veteres
815 679 967 717 volunt.
992 679 1044 716 V.
1067 677 1205 730 Spanh.
1231 677 1294 732 83.
1323 678 1480 718 SOLAN.
1505 680 1681 731 Tyrius,

413 744 459 772 ut
475 732 662 773 Cadmum
684 731 810 772 Cinna
825 744 944 771 vocat
958 732 1059 784 apud
1075 730 1194 784 Sosip.
1208 731 1351 772 Charis.
1374 746 1409 784 p.
1432 745 1505 786 99:
1531 735 1605 772 Iam
1622 735 1678 773 in-

412 790 456 827 de
468 803 490 825 a
504 786 655 831 Belidis,
673 786 846 838 natalique
866 787 957 824 urbis
977 788 1022 824 ab
1040 801 1131 824 anno
1155 787 1326 839 Cecropiae
1351 786 1430 837 (ita
1450 787 1651 839 legendum
1662 818 1679 835 ,

413 853 497 880 non
524 841 695 892 Cecropis:
723 839 958 891 Cecropiam
979 839 1043 878 vel
1059 839 1229 878 Athenas
1252 839 1455 893 intelligit)
1477 854 1576 893 aeque
1602 842 1679 881 alta

421 894 521 947 Tyrii
538 895 580 931 ab
599 894 724 944 origine
748 895 877 932 Cadmi.
904 893 967 932 De
990 892 1107 932 insula
1128 893 1246 943 Tyro
1269 896 1461 946 praeclare
1482 894 1682 936 Relandus

414 946 573 986 Palaest.
595 945 671 992 ΙΙΙ,
693 961 730 1000 p.
755 960 880 999 2052,
903 947 980 986 hoc
1002 946 1159 986 Luciani
1182 946 1274 986 loco
1301 959 1381 986 non
1407 947 1679 1000 praetermisso.

414 1001 573 1052 Tyrum
593 1000 795 1053 Euripides
815 1000 976 1053 appellat
997 999 1097 1040 νῆσον
1120 1001 1159 1038 in
1181 999 1324 1039 Phoen.
1346 1014 1386 1039 v.
1409 1014 1510 1047 212,
1534 1003 1681 1041 Φοινίσ-

414 1069 489 1093 σας
508 1054 586 1092 ἀπὸ
611 1056 735 1093 νάσου.
764 1053 891 1094 Schol.
908 1054 999 1093 τινὲς
1028 1053 1074 1093 ἑὲ
1104 1053 1299 1093 Φοινίσσαις
1327 1054 1438 1093 νάσου
1462 1053 1528 1094 τῆς
1554 1055 1680 1107 Τύρου·

413 1108 632 1158 manige-tm
653 1107 745 1161 γάρ.
774 1108 850 1147 hoc
877 1107 1023 1147 reGium
1049 1118 1164 1159 atque
1189 1119 1240 1146 ex
1268 1117 1444 1147 veterum
1467 1106 1679 1158 sententia;

411 1175 505 1200 nam
525 1174 625 1214 quae
644 1162 877 1215 praecedunt
891 1176 912 1200 a
930 1162 1140 1201 recentiore
1158 1173 1297 1207 manu,
1315 1161 1459 1202 nullius
1480 1160 1568 1201 sunt
1591 1175 1682 1216 pre·

410 1215 464 1254 tii.
479 1214 657 1254 Eiusdem
672 1214 822 1254 fabulae
833 1214 985 1254 versum
1008 1213 1155 1254 sextum
1168 1243 1179 1262 ,
1199 1214 1362 1254 ἐκλιπὼν
1377 1214 1571 1256 Φοίνισσαν
1585 1215 1681 1256 sim,-

412 1271 501 1308 λιόιν
525 1268 669 1322 χθὸνοι,
698 1270 748 1308 ita
772 1281 952 1316 vertunt,
976 1269 1162 1322 relinquens
1185 1268 1404 1308 PhoenicIam
1426 1280 1546 1308 terram
1573 1271 1680 1309 mari-

413 1325 550 1369 timam,
567 1336 658 1362 cum
677 1323 887 1362 debuissent
900 1354 911 1371 ‚
926 1323 1141 1362 Phoenicium
1160 1323 1294 1369 urbem,
1313 1321 1416 1369 five,
1442 1325 1573 1375 Tyrum
1591 1324 1681 1363 mari

412 1378 565 1416 (ἱηὲἶαηι.
579 1375 707 1422 Kotinai,
727 1379 873 1429 χώραν,
896 1376 965 1430 γῆν
987 1390 1058 1428 pro
1075 1376 1171 1415 urbe
1184 1376 1298 1428 poni,
1319 1375 1532 1429 praesertim
1544 1388 1568 1415 a
1579 1381 1678 1431 poe·

411 1431 486 1478 tis,
514 1431 630 1469 docet
654 1430 805 1469 Kuster.
837 1430 884 1468 ad
907 1430 1101 1483 Aristoph.
1127 1427 1361 1483 Thesmoph.
1385 1444 1425 1470 v.
1453 1444 1540 1481 ¹15·
1565 1431 1680 1472 nobis

412 1483 686 1537 adstipulantur
700 1484 850 1537 antiqui
864 1484 1221 1529 Commentatores,
1238 1496 1407 1537 quorum
1427 1484 1474 1523 ad
1495 1483 1601 1524 hunc
1621 1485 1680 1525 lo-

414 1550 506 1577 cum
537 1537 746 1590 explicatio
773 1538 1031 1587 luculentius,
1056 1550 1171 1591 quam
1197 1537 1242 1576 ad
1267 1550 1305 1576 v.
1328 1551 1427 1582 212,
1451 1536 1495 1577 δι
1518 1537 1682 1579 meliore

411 1591 489 1630 fide
513 1591 834 1643 repraesentatur:
857 1592 1056 1632 delendum
1076 1603 1204 1630 autem
1223 1589 1242 1631 ἦ
1264 1593 1409 1632 Φοινίκη
1432 1591 1599 1631 hominis
1619 1593 1681 1632 in-

411 1646 516 1685 doffl
531 1645 795 1685 assumentum.
814 1646 1009 1698 Meleager
1025 1645 1186 1685 Anthol.
1200 1643 1279 1691 111,
1301 1658 1334 1684 c.
1357 1646 1403 1691 6,
1423 1645 1494 1699 Ep.
1520 1658 1582 1695 17,
1600 1647 1679 1685 Νᾶ-

413 1715 482 1739 σος
498 1698 567 1749 ἐμὴ
583 1705 788 1752 &pena-ewa:
804 1700 922 1752 Τύρος.
951 1700 1065 1752 Apud
1079 1698 1228 1752 Ioseph.
1246 1699 1295 1738 A.
1310 1698 1340 1738 Ι.
1360 1697 1459 1739 VIII
1470 1728 1484 1745 ‚
1500 1711 1538 1747 c,
1554 1713 1593 1746 2,
1607 1699 1624 1749 §
1637 1713 1680 1750 7,

411 1754 598 1793 Hiramus
611 1753 716 1805 Tyri
731 1767 798 1792 rex
819 1755 865 1792 ad
876 1753 1124 1794 Salomonem
1143 1753 1292 1800 scribit,
1312 1762 1355 1792 ut
1376 1752 1445 1792 sibi
1466 1765 1538 1806 pro
1557 1765 1678 1807 opera

411 1808 549 1847 ceteris
567 1808 605 1846 in
632 1807 745 1846 rebus
765 1820 904 1847 navata
920 1806 1155 1847 frumentum
1178 1807 1326 1853 mittat,
1346 1800 1392 1846 οὗ
1412 1806 1482 1846 ὃιὲι
1504 1809 1549 1845 τὸ
1573 1805 1678 1848 νιῖσον

413 1860 525 1900 οἰκεῖν
547 1860 722 1910 ἒεέμεθοι·
742 1875 842 1914 quae
856 1872 1081 1915 repetuntur
1099 1873 1132 1900 c.
1157 1875 1189 1914 ς,
1212 1861 1228 1910 §
1246 1875 1279 1915 3.
1295 1860 1494 1901 Diaconus
1511 1859 1675 1901 eFesto:
1736 1884 1737 1892 κ

412 1916 521 1953 Sarra
532 1943 542 1962 ,
564 1914 679 1966 insula
693 1915 814 1967 Tyrus.
831 1914 1086 1955 Consentiunt
1099 1915 1236 1954 eruditi
1259 1914 1343 1967 post
1363 1927 1543 1966 magnum
1559 1913 1678 1954 Scali-

411 1981 564 2021 gerum,
575 1969 726 2008 Sarrarn
740 1969 781 2008 δι
791 1969 949 2018 Tyrum
965 1970 1012 2008 ab
1026 1969 1162 2009 eodem
1179 1981 1334 2008 manare
1350 1968 1546 2008 vocabulo
1560 1967 1680 2009 Phoe·

412 2022 540 2062 nicio:
566 2034 631 2069 at,
654 2021 706 2068 fi,
729 2024 834 2075 quod
858 2023 902 2062 Is.
926 2021 1083 2063 Voffius
1111 2023 1155 2062 ad
1181 2022 1336 2073 Scylac.
1359 2037 1395 2076 p.
1422 2035 1491 2061 101
1516 2033 1677 2063 conten·

411 2076 488 2120 dit,
511 2077 745 2129 accipimus,
773 2089 852 2116 non
877 2076 950 2116 effe
975 2077 1249 2122 dubitandum,
1297 2077 1365 2116 uin
1386 2075 1498 2116 Sarra
1522 2077 1677 2129 proprie

410 2128 459 2168 sit
471 2129 716 2181 Palaetyrus,
737 2132 881 2170 erroris
899 2130 1050 2170 absolvi
1071 2131 1202 2183 nequit
1218 2130 1283 2169 Fet
1304 2143 1371 2178 us,
1391 2131 1459 2183 qui
1477 2132 1604 2183 Tyrum
1620 2130 1678 2169 in-
1714 2136 1721 2142 ‘

404 2183 557 2236 fialarem
579 2195 770 2236 exponat:
792 2183 842 2224 sic
863 2196 992 2224 tamen
1011 2183 1053 2223 δι.
1076 2183 1232 2224 Servius
1254 2185 1301 2223 ad
1324 2183 1469 2237 Geor-g.
1491 2182 1552 2230 11,
1577 2184 1676 2235 506,

411 2252 498 2289 quae
513 2239 597 2276 enim
609 2254 698 2276 nunc
714 2240 825 2290 Tyros
841 2240 976 2286 dicitur,
993 2239 1072 2277 olim
1087 2242 1192 2277 Sarra
1205 2240 1411 2278 vocabatur:
1431 2238 1545 2290 idque
1552 2238 1674 2277 'etiam

408 2291 613 2330 tradiderat
628 2291 689 2331 ille
702 2291 828 2331 nescio
844 2293 950 2345 quis,
965 2291 1139 2332 Graecus
1159 2304 1260 2332 certe
1274 2291 1433 2344 scriptor
1451 2291 1553 2344 apud
1568 2290 1671 2332 Gen.-

410 2344 462 2384 N.
485 2345 536 2383 A.
561 2345 678 2392 XIV,
700 2346 736 2385 6.
762 2346 857 2385 Mihi
881 2346 1034 2398 quidem
1060 2345 1145 2384 satis
1169 2346 1413 2399 exploratum
1434 2346 1612 2394 videtur,
1632 2344 1675 2385 δι
1707 2365 1710 2368 -

409 2410 495 2438 non
511 2398 663 2438 levibus
685 2401 916 2451 argumentis
934 2402 1072 2439 nixum
1087 2428 1098 2444 ..
1120 2399 1221 2439 haud
1241 2400 1356 2453 longe
1375 2399 1460 2453 post
1479 2399 1674 2450 Palaetyri

411 2452 518 2491 initia
531 2453 686 2504 Tyrum
708 2455 759 2492 ob
775 2455 943 2506 egregias
963 2454 1038 2493 loci
1056 2455 1369 2507 opportunitates
1389 2454 1428 2493 in
1446 2451 1565 2493 insula
1585 2464 1677 2506 pro·

412 2506 516 2547 xima
535 2505 643 2548 fuiffe
664 2506 856 2550 conditam
868 2538 883 2555 ,
903 2508 945 2548 δι
970 2508 1045 2548 iam
1063 2520 1151 2548 ante
1170 2507 1391 2551 Salomonis
1412 2508 1576 2549 aetatem
1595 2505 1678 2560 opi·
