1737 3378
367 231 463 290 476
570 225 1132 294 TANAQUILLI
1183 226 1422 274 FABRI

369 313 476 344 Attici
498 313 625 355 ingenii
641 313 818 356 imaginem
831 338 838 352 ‚
859 322 898 345 ut
917 313 1012 346 aiunt
1035 323 1171 347 veteres
1194 314 1357 357 magistri,
1376 314 1516 359 legerit,
1540 316 1580 349 de
1593 315 1647 350 his

370 367 499 388 mecum
522 357 586 388 tria
611 369 679 389 non
701 358 921 390 commutabit
944 359 1057 390 verba.
1081 358 1227 391 Accedat
1248 360 1300 392 his
1323 360 1473 392 Platonis
1495 359 1646 393 testimo-

372 400 484 440 nium,
502 401 561 444 qui
580 402 627 434 ita
647 400 777 443 scripsit
799 402 832 433 in
855 401 995 444 epistola
1019 411 1138 443 xxiv,
1162 404 1251 436 inter
1271 405 1368 445 illas,
1395 414 1480 447 quae
1502 415 1571 436 non
1593 405 1644 437 ita

370 445 500 486 pridem
521 457 540 477 a
562 445 675 478 Leone
702 446 827 478 Allatio
850 447 1009 490 vulgatae
1033 446 1124 480 sunt.
1157 447 1238 489 Quo
1269 449 1358 480 enim
1379 449 1455 480 loco
1480 448 1527 481 ait
1552 447 1586 480 se
1607 449 1644 481 in

371 488 513 521 fundum
544 490 824 532 Hephestiadeum
854 490 1020 534 migrasse,
1055 487 1316 533 (tiquamfflmv
1350 493 1464 525 debuit
1499 491 1644 526 scribere

369 531 442 565 Leo
459 545 503 566 ex
524 535 681 578 Diogene
699 534 833 568 Laertio
855 535 890 567 δε
910 536 1090 568 Hermolao
1110 536 1137 569 ἐν
1158 534 1306 576 ἐθνικᾶἷς,
1323 548 1391 569 non
1409 545 1522 569 autem
1544 535 1645 576 Ἓφερ

369 573 530 622 στιάδὲιν)
553 588 591 610 ut
609 580 664 611 ubi
686 577 794 612 amem
814 580 871 611 τοῦ
895 578 1007 614 ἄστεως
1028 581 1143 620 vivat,
1165 581 1276 613 addit:
1297 582 1441 622 συνέγνων
1461 577 1512 612 ’ὅτι
1533 580 1648 621 Τίμων

372 620 432 655 οὔκ
469 623 499 655 ἣν
535 621 593 665 ἄρα
613 624 843 667 μισάνθρωπος,
871 626 915 664 μὴ
944 624 1086 668 εὑρίσκων
1105 626 1210 665 μέντοι
1234 625 1420 668 ἀνθρώπους,
1439 624 1497 659 οὗκ
1518 619 1648 658 »ἶῦὗνατθ

373 665 466 709 θηρία
488 666 604 708 φιλεῖν.
629 669 768 712 Cognovi
792 680 865 712 ego,
892 668 1045 701 Timonem
1067 682 1128 701 non
1141 670 1231 713 fmffe
1254 670 1481 712 μισάνθρωπον·
1497 670 1558 712 scd
1579 682 1649 702 cum

371 710 508 743 homines
528 714 664 755 tranasse-i
675 717 705 743 in
722 714 789 745 urbe
807 725 867 744 non
887 713 998 755 Jmffet,
1015 714 1136 745 belluas
1155 727 1255 746 amare
1274 716 1356 746 haud
1370 725 1507 758 poterat.
1533 713 1648 746 Exstat

372 755 448 788 eius
477 757 693 799 Epitaphium
718 758 798 788 olim
823 769 841 788 a
868 758 1076 790 Callimacho
1106 758 1289 802 scriptum;
1319 759 1353 791 ὅ(
1379 759 1459 792 item
1482 759 1648 798 alterum,

371 801 465 842 quod
485 801 587 834 homo
610 802 774 844 providus
796 800 853 833 fibi
874 801 1010 835 fecerat.
1037 802 1085 833 En
1107 803 1187 843 tibi,
1217 813 1257 836 ut
1273 804 1405 847 quidem
1425 803 1486 836 tali
1509 802 1646 847 dignum

371 844 511 888 ingenio
537 845 602 877 est:

460 886 582 922 ’Evfia'ui'
604 888 765 933 'imp'joigag
786 891 890 932 ψυχὴν
916 886 1127 933 βαρυδαίμονα
1153 889 1277 932 κεῖμαι·

462 935 610 974 Τοῧνομα,
628 930 655 966 ‹i'
676 935 709 967 οὗ
736 935 919 974 ›treisma-535,
940 936 1034 969 κακοὶ
1057 930 1088 968 d}
1116 938 1218 971 κακᾶς
1241 936 1426 970 ἀπόλοισθε.

376 978 437 1010 Ait
459 979 679 1018 Plutarchus,
705 979 872 1022 sepultum
896 992 972 1012 eum
1000 979 1096 1013 fuisse
1124 980 1253 1023 Ἀλῖσ-ι·
1282 981 1338 1014 sed
1371 993 1445 1014 cum
1471 981 1558 1014 duae
1582 979 1649 1014 {int

371 1021 488 1062 Ἀλαὶ,
506 1026 618 1056 locum
638 1025 733 1056 illum
757 1025 925 1057 Plutarchi
947 1025 989 1057 de
1006 1025 1278 1068 Araphenidibus
1299 1027 1490 1070 intelligas,
1512 1037 1581 1058 non
1605 1026 1647 1058 de

373 1067 632 1101 Aexonidibus:
659 1080 732 1100 nam
762 1070 892 1112 priores
914 1069 1010 1101 'Ami
1034 1070 1072 1101 ad
1095 1070 1218 1102 tribum
1245 1071 1390 1114 Aegeida
1410 1071 1648 1114 pertinebant,

370 1113 498 1145 alterae
517 1124 587 1145 non
611 1113 704 1146 item.
731 1113 890 1146 Ceterum
918 1114 1008 1146 hunc
1033 1115 1181 1146 libellum
1202 1115 1248 1147 ita
1274 1114 1472 1155 venustum,
1499 1115 1547 1146 ita
1577 1115 1648 1146 ele-

371 1166 503 1199 gantem
525 1157 658 1197 iudico,
681 1169 756 1189 eum
778 1166 817 1189 ut
838 1158 927 1190 inter
945 1157 1155 1201 politissimos
1172 1159 1311 1191 Luciani
1334 1170 1402 1191 non
1423 1159 1572 1191 dubitem
1595 1170 1648 1190 re-

371 1201 473 1234 ferre.
497 1202 545 1234 Ita
569 1201 744 1246 ingeniose
768 1201 802 1234 &
830 1202 927 1235 facile
947 1202 1152 1246 compositus
1175 1203 1238 1244 est,
1256 1212 1296 1236 ut
1313 1205 1343 1236 ei
1364 1204 1457 1236 nulla
1475 1202 1648 1234 comoedia

373 1245 474 1288 poffit
490 1247 686 1289 comparari.
703 1248 790 1279 Tum
802 1257 904 1290 porro
915 1273 924 1287 ‚
943 1246 965 1278 si
983 1247 1120 1290 usquam
1139 1248 1239 1288 alibi,
1256 1259 1339 1291 pura
1353 1247 1387 1280 in
1401 1259 1441 1280 eo
1456 1247 1565 1279 oratio
1581 1246 1626 1279 est
1637 1273 1649 1288 ,

370 1299 473 1334 atque
491 1291 537 1323 ita
554 1291 707 1335 castigata
719 1317 727 1330 ,
747 1301 785 1324 ut
808 1292 892 1323 nihil
909 1291 1021 1335 supra.
1037 1293 1146 1325 Habet
1163 1293 1295 1335 quidem
1318 1292 1452 1324 initium
1469 1291 1651 1324 vehemen-

369 1335 441 1368 tius
463 1337 564 1378 paulo
583 1335 617 1367 &
634 1337 795 1379 tragicum
821 1335 970 1382 spirans,
994 1336 1049 1370 sed
1075 1337 1123 1369 ita
1148 1337 1296 1370 hominis
1322 1336 1472 1369 fortunis
1496 1335 1529 1368 &
1548 1336 1652 1366 mori-—

372 1381 436 1411 bus
458 1381 687 1420 conveniens,
709 1389 748 1412 ut
770 1381 854 1412 nihil
877 1381 1054 1424 κθικὼτερσν
1080 1380 1163 1425 fingi
1180 1390 1295 1424 queat.
1319 1381 1499 1421 Ceterum,
1521 1381 1565 1412 ita
1586 1380 1649 1411 ha·-

371 1425 451 1456 beto
464 1451 472 1464 ‚
491 1424 625 1465 Lestor,
645 1436 815 1468 nunquam
837 1425 910 1468 post
930 1434 1063 1458 renatas
1086 1426 1242 1458 meliores
1263 1426 1380 1458 literas
1400 1425 1568 1467 puriorem
1583 1424 1654 1456 edi-a

372 1477 444 1500 tum
462 1468 557 1501 fuisse
575 1469 723 1501 libellum
745 1470 848 1504 hunc.
876 1470 979 1514 quue
999 1471 1046 1503 ita
1067 1482 1185 1503 verum
1199 1469 1263 1512 est,
1285 1480 1326 1503 ut
1347 1469 1427 1502 satis
1447 1469 1559 1501 mirari
1575 1479 1648 1500 non

370 1513 488 1554 possim
509 1513 656 1545 hominis
685 1515 776 1547 illius
801 1515 1063 1555 impudentiam,
1091 1516 1149 1558 qui
1170 1514 1272 1547 ausus
1297 1514 1343 1547 est
1369 1513 1509 1557 posteris
1533 1513 1646 1554 impo-

372 1569 452 1590 nere
463 1584 471 1598 ,
486 1557 719 1602 professusque
735 1559 792 1597 est,
810 1559 991 1592 editionem
1006 1561 1095 1592 illam
1111 1559 1321 1592 parisiensem
1335 1560 1369 1592 in
1383 1558 1489 1592 forma
1504 1557 1648 1590 maxima

371 1612 414 1634 ex
432 1602 509 1636 ΜΠ.
528 1603 633 1636 Codd.
651 1605 761 1647 regiae
779 1604 1003 1636 bibliothecae
1022 1603 1204 1647 expressam
1221 1602 1298 1637 esse.

461 1647 555 1689 Νέἷφε
574 1648 628 1682 καὶ
643 1649 781 1688 μέμνασο
819 1646 960 1681 ἀπιστεῖν
975 1673 983 1688 ,
1010 1647 1103 1692 ἄρθρα
1128 1649 1235 1681 ‘rav-rx
1257 1649 1315 1680 ’τᾶν
1340 1648 1463 1691 φρενῖίν.

373 1691 432 1724 Nil
449 1693 665 1734 verius„„mi
692 1694 830 1733 Lector,
854 1705 964 1736 neque
984 1694 1086 1737 magis
1109 1694 1143 1725 in
1165 1694 1238 1726 vita
1257 1693 1409 1738 degunda
1429 1692 1525 1726 utile.

426 1739 499 1770 ead.
513 1739 534 1769 l.
551 1750 585 1779 4.
601 1735 650 1768 Ὤ
668 1738 730 1769 Ze?
752 1739 838 1778 φίλιε
862 1737 915 1771 καὶ
938 1738 1030 1780 ξένιε)
1051 1738 1142 1770 Haec
1157 1737 1248 1770 lovis
1267 1738 1484 1781 cognomina,
1503 1736 1537 1768 &
1549 1737 1646 1776 plum

376 1780 456 1814 item
477 1783 540 1814 alia
552 1809 561 1824 ,
577 1782 826 1826 diligentissime·
838 1782 917 1815 sunt
931 1782 964 1815 &
979 1782 1230 1826 ingeniosissime
1247 1794 1265 1814 a
1278 1783 1392 1814 Dione
1405 1780 1645 1825 Chrysostomo

373 1827 543 1868 explicata
560 1826 727 1859 Oratione
743 1828 754 1858 l
777 1829 817 1860 de
832 1839 934 1871 regno
946 1853 954 1867 ‚
972 1838 1047 1870 pag.
1065 1829 1083 1861 8
1105 1827 1265 1860 editionis
1285 1827 1517 1859 Morellianae.
1542 1826 1644 1858 Cete-

369 1882 463 1911 rum,
479 1872 569 1915 quod
592 1873 625 1904 in
648 1873 930 1914 interpretatione
958 1873 1014 1904 illa
1033 1872 1145 1904 omnia
1167 1872 1316 1911 Graece,
1332 1872 1384 1904 uti
1406 1870 1440 1902 se
1457 1871 1643 1910 habebant,

371 1916 512 1957 reliqui,
540 1917 570 1948 id
597 1928 663 1948 non
694 1926 819 1949 temere
854 1917 977 1949 fastum
1006 1915 1072 1949 est:
1111 1916 1145 1950 ὃ(
1171 1916 1229 1960 qui
1254 1915 1389 1959 κριτικοὶ
1418 1915 1521 1957 sunt,
1547 1914 1647 1947 facile

372 1960 503 1992 causam
529 1962 706 1994 videbunt.

413 2007 482 2036 ead.
496 2008 519 2038 l.
537 2008 569 2038 8.
590 2000 797 2049 ‘ersfei5315)
818 2001 1019 2048 [Ἐπερειδεις
1038 2014 1110 2038 erat
1131 2005 1165 2037 in
1180 2004 1232 2038 ed.
1248 2004 1374 2037 Graev.
1392 2005 1510 2037 harum
1527 2003 1642 2045 nott.]

371 2049 575 2082 Huiusmodi
592 2052 773 2083 carminum
793 2050 900 2082 fulcra
921 2051 1028 2082 Latini
1051 2050 1209 2082 tibicines
1225 2051 1414 2088 vocabant5
1436 2060 1540 2092 eaque
1556 2059 1643 2080 voce

373 2094 453 2125 olim
475 2094 557 2127 usus
576 2094 620 2127 est
636 2095 802 2138 Virgilius
815 2120 823 2133 ‚
843 2095 1010 2128 referente
1031 2106 1200 2137 anonymo
1215 2094 1417 2137 Biographo.
1444 2094 1507 2126 Sed
1528 2093 1644 2125 admo-

373 2147 432 2170 net
453 2150 504 2171 me
523 2140 588 2171 hoc
605 2141 764 2178 verbum,
785 2148 824 2171 ut
842 2151 950 2171 meum
971 2140 1011 2172 de
1033 2139 1176 2181 quodam
1198 2138 1373 2171 Heliodori
1389 2141 1466 2171 loco
1482 2138 1642 2170 iudicium

370 2184 536 2224 :iperianu
566 2184 645 2216 mihi
668 2185 754 2216 enim
783 2184 966 2216 vehemens
988 2183 1134 2225 suspicio
1160 2181 1217 2223 fit,
1245 2191 1442 2226 corruptum
1463 2194 1538 2216 eum
1562 2180 1641 2215 esse.

372 2226 406 2258 Is
427 2228 473 2259 ita
495 2229 620 2271 ubique
640 2229 786 2271 legitur:
811 2229 908 2270 Μκρξιῖ
932 2223 964 2260 δὲ
986 2230 1032 2269 τῶ
1053 2223 1146 2270 driusi
1167 2228 1217 2259 τὶν
1239 2226 1371 2268 ἆγκῦνοι
1388 2227 1522 2270 θατέροις
1541 2226 1642 2270 χειρὶς

371 2266 603 2315 ἕφεδρέιζουσχ,
625 2272 680 2307 καὶ
702 2271 767 2308 τοῖς
788 2267 958 2308 ιῖοιχτὺλοις
978 2275 1031 2305 τὴν
1052 2273 1176 2315 παρειὰν
1199 2271 1393 2315 ἐπιτρέψασα
1416 2271 1480 2304 &c.
1523 2271 1576 2303 Est
1598 2271 1646 2303 ibi

370 2317 608 2360 elegantissima
628 2318 810 2351 moerentis
829 2317 1015 2349 Charicliae
1035 2317 1228 2359 descriptio,
1253 2318 1328 2360 lego
1348 2319 1401 2349 τὴν
1422 2316 1549 2359 ’παρειὰν
1570 2313 1646 2347 ἕπε-

369 2361 517 2403 pinea,
532 2362 637 2395 ‹lostis
658 2361 794 2395 fortass'e
814 2374 883 2393 non
900 2361 1184 2394 dissentientibus.
1205 2360 1262 2394 sed
1283 2362 1362 2404 quia
1379 2372 1448 2393 non
1464 2371 1535 2393 uno
1555 2360 1644 2392 vitio

372 2405 464 2438 hunc
485 2409 597 2440 locum
615 2408 766 2439 laborare
783 2407 913 2446 iudico,
929 2407 1051 2439 iterum
1075 2406 1153 2437 mihi
1171 2406 1352 2438 tentandus
1372 2405 1429 2438 est.
1447 2405 1533 2446 Quis
1554 2405 1642 2437 enim

372 2461 520 2494 unquam
542 2452 674 2483 audivit
694 2451 777 2492 dici,
792 2451 902 2491 ἀγκὼν
925 2451 1049 2492 χειρός.)
1075 2451 1150 2482 Scio
1172 2450 1324 2493 quidemr,
1338 2449 1371 2482 ὃ(
1391 2457 1530 2482 monent
1551 2457 1647 2481 vete-
1684 2448 1693 2452 “

371 2506 429 2527 res
447 2495 611 2539 magistri,
633 2495 742 2536 ἀγκὼν
769 2496 969 2539 quandoque
993 2494 1059 2527 esse
1087 2494 1263 2534 ἐπικαμπὲς
1290 2495 1342 2529 τῖς
1367 2494 1486 2537 χειρίςς
1512 2492 1566 2525 sed
1587 2493 1643 2525 hic

376 2549 419 2572 ex
435 2540 673 2584 descriptionis
695 2540 780 2574 serie
802 2552 870 2573 non
894 2539 1011 2584 potest.
1033 2540 1150 2584 ltaque
1165 2539 1206 2572 sic
1229 2539 1311 2572 mihi
1333 2537 1516 2583 persuadeo
1532 2539 1647 2582 legen-

1715 3265 1737 3378 b'n}*·-“²¹
1719 3218 1737 3252 ,Λὸ
1723 3199 1734 3211 ,ι
1727 3155 1730 3160 -
1728 3130 1734 3135 .
1728 3076 1733 3083 -
