1737 3378
431 222 525 272 330
637 203 1504 254 ANNOTATIONES

425 296 522 335 alios
540 293 742 334 sceleribus
758 307 801 335 ac
816 294 972 348 flagitiis
990 294 1154 356 insignes
1171 295 1336 336 edidiffet
1357 297 1490 350 plura,
1510 310 1590 338 non
1609 307 1694 337 crat

413 347 622 402 profesto,
641 361 710 387 cur
728 360 929 402 tantopere
940 349 1110 388 Timon
1103 350 1277 389 mertiam
1293 351 1414 390 vetuli
1427 351 1509 391 lov
1502 364 1532 390 is
1547 351 1693 391 incusa-

426 413 498 441 ret
512 401 577 440 De
592 401 800 442 Salmoneo
817 401 950 443 versus
964 399 1057 442 sunt
1077 403 1228 443 Manilii
1242 404 1297 451 V,
1313 418 1387 456 91,
1406 404 1490 457 post
1508 405 1692 466 multipli-

428 468 513 495 cem
529 455 733 495 hominum
748 455 1084 496 eruditiffimorum
1098 469 1230 497 curam
1245 458 1430 505 nondum,
1448 471 1490 497 ut
1502 458 1595 497 mihi
1636 458 1694 497 ui·

427 509 515 548 dem
530 509 702 556 videtur,
723 509 922 562 persanati:
945 511 1036 564 quid
1054 510 1211 551 molitus
1228 509 1273 550 sit
1286 511 1348 550 vir
1367 511 1608 572 priinariuel.

429 562 663 602 Gronovius
683 563 776 604 obs.
797 564 875 611 111,
897 576 966 616 15,
986 577 1066 604 non
1081 577 1142 604 me
1160 563 1275 617 fugit3
1297 564 1400 605 hunc
1416 576 1543 605 tamen
1557 566 1596 604 in
1610 577 1694 605 mo-

426 616 520 656 dum
536 616 564 656 fi
578 616 869 665 constituantur,
887 619 1048 672 propius
1066 618 1112 658 ad
1126 619 1283 672 priicam
1299 622 1442 672 poetae
1457 632 1612 658 manum
1627 631 1693 659 ac-

427 671 511 711 cedi
525 669 632 724 poffe
651 671 806 712 censeo:
829 672 928 711 Hinc
942 673 1023 712 mihi
1040 673 1240 712 Salmoneus
1265 671 1338 725 (qui
1350 674 1501 712 coelum
1489 673 1640 712 tmitatus
1655 672 1694 711 in

428 727 528 774 orbe,
547 726 716 764 Pontibus
734 727 896 779 impositis
911 725 1005 779 (nifi
1024 726 1152 772 malis,
1171 727 1340 766 Pontibus
1361 742 1403 766 ac
1414 727 1516 780 pos
1477 739 1533 766 tls
1546 726 1563 779 )
1578 726 1693 788 mtffis-

429 795 493 833 que
501 793 561 831 per
570 795 650 818 aera
661 781 835 833 quadrigis
849 781 1053 834 Expreffiffe
1063 780 1187 832 sonzmz
1207 781 1325 820 mundi
1340 781 1402 830 fibi
1413 779 1523 832 visus,
1537 781 1572 820 6·
1583 780 1692 832 ipficm

429 833 631 893 Admoviffe
642 834 755 873 Iovem
768 834 864 873 terris
875 832 1064 885 defulmme
1074 835 1202 886 finxit.
1218 835 1324 886 Sensit
1337 848 1375 873 at
1387 835 1587 886 ἱιηιηεη]ὸ.ς”
1575 848 1693 888 tgnes·
1676 864 1691 881 ,

425 888 531 940 fizper
542 887 610 940 ipse
619 888 758 938 secutus
772 891 887 927 Motte
900 888 1012 926 Iovem
1025 889 1160 941 didicit)
1169 901 1345 941 generatus
1351 891 1438 942 poff
1436 902 1452 927 t
1463 889 1587 929 haberi.
1599 887 1693 927 Sen-

427 940 533 989 sum,
555 955 638 994 quo
652 953 733 981 erat
751 941 1000 981 admirando
992 943 1132 995 ingenii
1154 943 1349 990 acumine,
1372 942 1537 996 pervidit
1556 942 1584 982 l.
1601 942 1696 981 Sca-

428 995 542 1047 liger:
560 1000 599 1034 de
613 995 760 1046 fulmine
780 996 1007 1049 capiendum
1023 996 1077 1035 est
1099 1008 1143 1035 ea
1162 995 1240 1036 fere
1253 996 1465 1056 potestate,
1482 1009 1598 1049 quam
1614 995 1696 1035 Sal-

429 1048 569 1088 mafius
587 1050 767 1102 explicuit
781 1050 826 1089 ad
843 1049 1073 1090 Tertullian.
1096 1049 1186 1089 Pall.
1205 1064 1244 1103 p.
1272 1063 1361 1102 19,
1383 1049 1497 1089 etiam
1518 1048 1651 1110 ipsum
1658 1047 1696 1089 se

429 1103 571 1143 Iovem
593 1104 703 1143 terris
719 1102 931 1144 admovisse
949 1103 1082 1151 finxit,
1103 1103 1210 1157 quod
1230 1104 1276 1143 ad
1309 1104 1439 1144 ulmen
1458 1104 1621 1149 attinet,
1643 1103 1697 1142 ia-

429 1157 496 1197 &o
516 1157 693 1197 fulmine:
713 1157 882 1219 Euripid.
888 1158 1002 1216 apud
1022 1157 1247 1198 Dicaearch.
1266 1162 1303 1198 Β.
1327 1163 1362 1197 Ε.
1381 1171 1420 1222 p.
1447 1172 1521 1204 22,
1546 1179 1591 1187 —
1612 1156 1699 1198 ὅστ’

432 1211 496 1251 ἐπ’
510 1210 714 1260 Ἀλφειου”
698 1227 800 1265 ροαις
814 1218 906 1251 Θεου
920 1225 1054 1262 μανεις
1067 1211 1193 1265 ’έῤῥιψε
1206 1211 1430 1263 Σαλμωνευς
1447 1212 1600 1264 φλόγα·
1612 1211 1698 1264 plu-

428 1280 494 1314 ra,
515 1279 615 1318 quae
639 1266 687 1305 ad
712 1264 937 1305 firmandam
960 1266 1223 1306 coniecturam
1246 1266 1399 1312 valent,
1418 1264 1593 1319 persequi
1618 1277 1697 1305 non

430 1331 559 1359 vacat.
589 1319 774 1359 Ceterum
796 1320 1044 1360 Salmoneum
1075 1319 1117 1359 δι
1142 1320 1350 1360 Tantalum
1376 1332 1449 1374 pro
1473 1319 1701 1360 hominibus

428 1374 553 1427 impiis
576 1374 615 1412 ὅ(
631 1374 741 1413 Deos
761 1374 1074 1428 oppugnantibus
1090 1373 1216 1427 posuit
1231 1374 1417 1414 Heraclit.
1441 1374 1565 1427 Alleg.
1580 1374 1701 1413 Hom.

430 1442 468 1488 p.
484 1428 574 1489 498
587 1428 678 1467 Vid.
700 1428 859 1467 Maxim.
881 1428 950 1479 Ty
954 1441 982 1466 r.
1000 1427 1052 1467 D.
1069 1428 1268 1475 XXXVI,
1290 1428 1331 1468 &
1350 1428 1467 1467 Hadr.
1480 1427 1701 1467 IuniiAda-

431 1482 495 1534 gia
516 1482 553 1520 in
576 1482 778 1521 Salmoneus
799 1483 908 1528 alter,
930 1482 998 1520 ubi
1021 1481 1128 1535 quod
1149 1495 1198 1522 ex
1186 1481 1391 1541 Eunapio
1413 1480 1582 1535 profert,
1599 1481 1701 1536 legiq

431 1546 495 1575 tur
510 1536 612 1589 apud
628 1535 805 1576 Suidam
797 1549 837 1575 ιιι
853 1531 1048 1587 Εὗτρὸπιος
1068 1535 1110 1575 &
1130 1541 1160 1573 X
1163 1551 1273 1589 palm.
1293 1537 1459 1576 ΗεΜετ.

487 1593 561 1629 ead.
578 1590 599 1628 l.
620 1604 678 1644 13.
698 1590 781 1629 Πως
793 1589 890 1644 γὰρ)
905 1590 1081 1629 Omnino
1093 1553 1295 1642 legendum
1310 1589 1393 1630 πῶς
1443 1591 1489 1641 ἃς
1505 1586 1565 1629 οὗ·
1556 1620 1568 1638 ,
1590 1589 1698 1644 quod

432 1643 594 1685 Graecis
613 1643 802 1697 frequens.
816 1646 868 1684 V.
888 1644 1018 1697 Eurip.
1043 1643 1157 1683 Rhes.
1177 1658 1214 1698 p.
1238 1658 1314 1694 472
1339 1644 1386 1684 C.
1402 1605 1460 1684 30
1429 1654 1558 1684 OLAN
1573 1643 1700 1684 Inter-

429 1708 557 1751 pretes
572 1698 624 1737 ita
641 1713 665 1737 v
669 1710 856 1745 emerunt,
871 1711 914 1738 ac
929 1697 955 1737 sl
971 1697 1156 1759 legissent,
1174 1699 1280 1751 quod
1293 1698 1454 1738 volebat
1469 1697 1611 1738 doctiss.
1629 1697 1701 1738 So-

429 1753 563 1801 lanus,
585 1767 666 1792 πως
685 1755 763 1812 γᾶς
787 1767 849 1801 ου;
874 1765 961 1792 eum
982 1752 1020 1791 in
1044 1753 1202 1792 modum
1226 1751 1315 1792 sane
1342 1752 1546 1818 legendum
1571 1751 1697 1800 foret,

430 1805 461 1846 fi
480 1807 545 1846 tali
564 1807 712 1846 ratione
736 1783 957 1846 lenteiitiam
977 1808 1167 1861 expleres:
1186 1806 1267 1846 πῶς
1285 1809 1366 1860 γὰρ
1387 1803 1452 1847 οὐκ
1472 1806 1597 1860 ἀντιβρ
1600 1821 1701 1846 αντη-

433 1860 517 1901 σειέ
527 1875 567 1899 σε
571 1875 583 1899 ι
598 1859 612 1898 ὅ
632 1860 875 1910 Σαλμωιευς·
866 1890 878 1909 ‚
898 1861 1013 1914 quidni
1032 1862 1116 1900 enim
1130 1860 1329 1900 Salmoneus
1344 1862 1517 1913 adverficm
1533 1872 1563 1899 te
1573 1824 1700 1912 fitlmi·

431 1931 479 1955 na
503 1914 736 1954 iacularetur?
760 1914 849 1960 vel,
871 1915 954 1968 quid
981 1915 1067 1954 enim
1091 1916 1210 1967 obstet,
1228 1930 1295 1967 quo
1322 1915 1434 1954 minus
1457 1927 1549 1954 tuum
1561 1914 1696 1966 ficlmen

431 1969 635 2009 Salmoneus
661 1970 861 2015 aemuletur,
887 1968 994 2021 (nam
1019 1980 1222 2021 utramque
1244 1969 1539 2022 explicationem
1561 1968 1698 2021 recipit

429 2021 683 2075 ἁντιβροντᾷν,
704 2033 748 2061 ut
770 2022 845 2062 alio
858 2023 948 2062 loco
962 2022 1100 2076 dicam)
1114 2024 1168 2061 ubi
1183 2035 1236 2068 tu,
1255 2024 1351 2061 velut
1363 2026 1522 2076 perduHa
1535 2025 1699 2062 mandra-

423 2091 526 2130 gome
538 2077 676 2129 potz'one
689 2077 797 2115 altum
810 2079 856 2129 st
852 2077 939 2115 wis.
936 2078 953 2103 Ρ
968 2077 1122 2117 Verum
1136 2076 1227 2115 nihil
1243 2078 1396 2117 moveri
1410 2077 1536 2123 debet,
1557 2077 1700 2117 intelli-

427 2130 695 2193 gefflumque,
713 2129 740 2168 s1
761 2131 807 2169 ad
830 2129 1025 2183 superiora
1040 2131 1138 2170 velis
1159 2130 1408 2179 conne&ere‚
1427 2130 1510 2170 πῶς
1529 2132 1609 2185 γὰρ
1627 2144 1700 2180 φο-

427 2184 546 2230 βΠΘΕῘΗ
572 2199 616 2223 dv
642 2198 714 2223 Των
737 2199 915 2236 Ε’[ΤΙΟΡκὲΗῙ
946 2198 1004 2223 ’Πς
1030 2199 1316 2237 ἐπίχὲίρουντων
1340 2200 1406 2225 'Tm‘
1427 2199 1493 2224 του
1502 2199 1697 2251 κὲραυνου

427 2250 487 2289 φ)
480 2237 579 2299 67oe
595 2236 649 2276 sm
669 2238 715 2276 ad
739 2238 940 2297 proxima,
962 2238 1043 2277 πῶς
1057 2241 1136 2291 ’γᾶς
1158 2238 1335 2278 ἀπίθανος
1356 2239 1402 2278 ἂν
1425 2238 1479 2278 εἰη
1498 2237 1514 2276 ὃ
1532 2244 1701 2289 Σαλμω-

431 2307 469 2332 νε
472 2290 523 2330 ὑς·
550 2292 742 2331 utrumvis
768 2292 813 2330 ad
839 2291 1062 2332 sententiam
1095 2293 1253 2332 Luciani
1281 2305 1404 2345 aeque
1431 2292 1698 2333 commodum.

429 2344 519 2385 Hm
539 2348 618 2399 ’γὰρ
641 2344 677 2384 οὐ
692 2376 702 2393 ,
723 2345 847 2385 addita
875 2347 1106 2410 negatione,
1125 2359 1167 2386 ut
1186 2345 1438 2387 Grammatici
1459 2345 1699 2407 loquuntur,

431 2399 695 2448 καταφατικὸν
717 2399 833 2447 ἐστιν,
850 2412 937 2446 aut,
961 2399 1185 2447 κατάφασιν
1203 2399 1327 2439 δηλοῖ·
1350 2410 1487 2439 contra
1503 2397 1584 2439 onze
1602 2402 1698 2467 γαρ,

430 2452 677 2498 ἀποφατικόν.
695 2453 854 2492 Lucian.
879 2455 1045 2504 'Amici-e.
1067 2454 1082 2503 §
1107 2468 1179 2502 14,
1202 2468 1306 2493 ουτος
1330 2453 1396 2517 ζων
1417 2453 1487 2519 μὲν
1509 2449 1596 2493 οὐδὲ
1616 2454 1698 2500 ’ὀβο-

430 2517 495 2548 λον
520 2505 628 2549 ἔέοκε
656 2505 711 2558 τῶ
740 2507 888 2560 Σίμωνι·
913 2522 994 2549 πως
1021 2509 1123 2561 γάρ,
1144 2507 1182 2549 ὃς
1207 2503 1294 2549 ουδὲ
1316 2504 1431 2549 αὑτὸς
1460 2504 1604 2550 ἥπτετο
1625 2505 1703 2556 τῶν
