1737 3378
328 214 433 260 IN
499 212 1034 260 TIMONE'M.
1228 220 1316 281 '351

45 297 199 342 ‘videtur
225 299 478 354 Thucydides
508 302 548 350 Ι,
582 300 668 340 126.
692 299 721 339 fi
747 301 867 354 paulo
894 300 1108 354 diligentius
1132 304 1328 355 attendas,

46 367 129 395 non
146 355 256 408 plane
269 369 401 408 negat:
422 357 507 396 ἔστι
529 358 612 409 ’γὰρ
629 355 696 394 καὶ
714 355 907 393 Ἀθηναίοις
921 357 1084 401 Διάσια,
1101 356 1129 394 ἃ
1145 358 1330 399 καλεῖται

47 412 139 448 Δῖος
156 408 253 461 ἑορτὴ
271 411 476 464 Μειλιχίου
499 412 672 463 μεγίστη
684 438 697 454 ,
715 408 787 458 ἔξω
810 407 876 448 τῆς
893 409 1054 456 πόλεως,
1081 411 1116 449 ἐν
1138 409 1161 460 ᾖ
1176 412 1330 454 πανδη-

45 463 111 516 μεὶ
127 463 257 502 &doum
272 467 424 512 πολλοὶ,
437 461 516 516 οὔχ
534 462 658 515 ἱερεῖα,
670 462 777 500 ἀλλὰ,
790 461 955 510 Ξςὺματα
974 461 1176 516 ἐπιχώρια*
1192 465 1219 504 si
1233 479 1330 506 πολ.

47 517 127 564 λοι,
157 530 238 556 non
264 530 399 557 omnes
425 519 582 569 utique,
602 516 664 555 sed
688 515 742 553 illi
764 514 970 561 nimirum,
1001 518 1139 568 quibus
1168 519 1328 560 instituti

49 571 206 618 veteris,
225 583 317 609 cum
332 571 419 611 solis
438 571 612 623 frugibus
625 568 829 616 faciebant,
848 569 970 607 maior
985 580 1067 608 erat
1081 572 1227 624 religio.
1241 574 1326 614 Iam

47 625 144 664 olim
162 625 402 674 nonnihil,in
426 625 498 664 isto
518 626 608 664 loco
626 621 736 661 fuiss'e
756 622 977 667 turbatum,
996 635 1078 663 non
1101 624 1327 668 Scholiastes

47 677 196 725 solum,
214 678 275 718 sed
295 679 360 717 vel
382 679 552 718 maxime
573 677 713 717 Pollux
729 675 769 723 I,
793 677 864 722 26,
885 675 1134 729 suspicionem
1161 692 1299 720 movet
1317 698 1329 723 :

48 731 232 785 utrosque
248 734 287 770 in
302 732 502 772 consilium
519 732 547 770 fi
560 731 751 778 adhibeas,
766 730 868 770 hunc
879 731 918 769 in
932 731 1093 770 modum
1107 733 1226 772 videri
1240 746 1329 787 pot-

47 786 104 826 est
126 785 305 840 scrlpslffe
323 787 595 838 Thucydides:
619 786 654 825 ἐν
680 782 704 834 {j
721 783 914 835 πανδημεὶ
930 782 1170 836 ἑορτάζουσι,
1191 787 1327 828 θύουσι

47 840 95 879 δὲ
116 840 248 880 πολλοὶ
264 837 340 893 οὐχ
353 840 465 893 ἱερεῖα
478 871 491 887 ,
513 839 620 893 ἁγνὰ
637 838 684 876 δὲ
703 836 865 888 &up-owen
886 838 1095 891 ἐπιχώρια.
1115 839 1326 894 Postquam

45 893 139 934 illud
159 893 265 946 ἁγνὰ
285 893 397 934 semel
416 906 647 946 corruptum
661 892 731 932 fuit
743 892 783 931 in
795 892 926 939 ἀλλὰ,
944 893 1100 933 minime
1115 895 1255 934 mirum
1272 895 1329 935 est

49 947 233 988 interiiffe
247 948 304 987 Σέ·
320 948 455 988 confer
469 948 662 1002 Porphyr.
677 946 760 995 περὶ
773 946 858 985 ’Am
875 946 933 995 11,
957 947 972 995 §
999 948 1058 987 16.
1071 947 1215 1000 poffem
1230 951 1331 989 mul.

48 1003 100 1041 tis
113 1001 288 1049 firmare,
309 1003 452 1055 quibus
471 1015 575 1042 nunc
594 1000 829 1055 supersedeo.
846 1000 937 1040 Hoc
952 1001 1189 1054 probabilius
1202 1002 1260 1051 sit,
1277 1017 1327 1043 an

47 1057 317 1096 memoriolam
338 1056 481 1097 Polluci
501 1055 712 1102 vaciuaffe‚
737 1054 844 1107 quod
864 1053 1111 1095 Camerarius
1135 1057 1330 1098 Kuhnius-

47 1123 126 1164 que
143 1110 405 1160 contendunt,
425 1112 658 1150 arbitrentur
684 1109 836 1147 eruditi.
857 1108 1022 1148 HEMST.

105 1168 178 1203 ead.
194 1166 217 1203 l.
233 1178 270 1214 7.
291 1164 441 1204 Οὑτωσὶ
458 1165 528 1216 μὲν
546 1163 685 1216 εἰπεῖν)
713 1165 769 1201 Ut
783 1163 833 1200 ita
853 1162 985 1202 dicam.-
1006 1158 1054 1202 ὦς
1069 1162 1108 1202 ‹5'
1121 1163 1257 1205 ἀληθεῖ
1267 1167 1331 1205 Ab·

46 1232 109 1272 γῳ
117 1249 132 1265 ,
151 1231 190 1256 ut
202 1234 276 1257 vere
295 1219 426 1266 dicam,
449 1234 489 1258 at
507 1235 631 1257 revera.
653 1218 792 1256 BROD.
810 1216 956 1255 Eodem
974 1218 1068 1256 redit
1096 1231 1187 1257 cum
1210 1219 1266 1258 his
1289 1221 1330 1261 in

49 1272 152 1324 Ἀρμ.
177 1270 274 1312 ὥστε
292 1273 400 1324 λόγῳ
421 1272 505 1322 μὲν,
524 1271 584 1323 ἐφ’
611 1270 686 1311 ἑνὸς
708 1270 842 1323 ανέρος
860 1269 1105 1322 ἀναρῥιψομεν
1122 1275 1183 1311 τον
1196 1273 1326 1324 κύβον,

51 1328 96 1366 τὸ
117 1325 155 1366 θ’
169 1325 313 1376 ἀληθὲς,
332 1325 457 1378 ὥσπερ
469 1328 514 1366 ἂν
533 1328 563 1366 εἰ
579 1325 659 1365 τοῖς
673 1324 948 1377 ἁπανταχόθεν
961 1326 1160 1378 ἀνθρώποις
1176 1328 1328 1368 ἐπεδει-

48 1379 184 1430 κνὺμιιν
199 1380 286 1420 τοὺς
308 1380 461 1434 λέγους.
474 1381 526 1420 V.
541 1382 655 1420 etiam
669 1379 771 1419 Dial.
792 1378 1043 1418 Iun.-&10v.
1065 1380 1254 1431 οἰνοχοοῦν
1274 1383 1328 1424 stu

49 1434 105 1482 τῷ
128 1435 246 1488 λόγῳ.
266 1435 369 1475 Vide
385 1435 486 1474 Tan.
507 1434 620 1474 Fabri
644 1444 790 1473 notam.
815 1432 976 1472 SOLAN.
996 1434 1085 1472 Vid.
1109 1434 1150 1472 L.
1175 1435 1254 1475 Bos
1280 1436 1328 1477 ad

50 1489 279 1528 Harmonid.
301 1490 316 1539 §
340 1504 373 1542 3.
391 1489 576 1529 Formula
595 1488 784 1541 quaedam
803 1487 988 1539 loquendi
1004 1487 1205 1528 solemnis:
1227 1489 1331 1530 simi·

49 1542 106 1582 les
125 1554 265 1583 notant
284 1544 453 1595 Bergler.
473 1544 520 1582 ad
537 1543 709 1595 Alciphr.
733 1557 769 1594 p.
793 1542 863 1594 36,
885 1539 957 1581 Ios.
971 1541 1093 1581 Waff.
1109 1542 1155 1581 ad
1179 1543 1329 1586 Sallust.

51 1596 97 1636 B.
114 1597 144 1636 Ι.
166 1611 199 1638 c.
218 1597 330 1644 XIV,
353 1611 438 1651 pag.
459 1598 552 1645 261,
570 1597 721 1636 Duker.
747 1595 792 1634 ad
816 1595 1035 1647 Thucydid.
1049 1595 1162 1643 VIII,
1185 1611 1248 1650 92.
1268 1599 1328 1649 Τῷ

47 1651 119 1702 μὲν
136 1654 216 1706 ’γὰρ
237 1651 412 1702 ὀνόματι,
436 1652 484 1701 τῇ
506 1651 552 1690 5¹2
577 1650 731 1699 ἀληθεία
749 1650 892 1689 Theon
912 1648 1127 1703 Progymn.
1150 1664 1236 1704 pag.
1259 1666 1327 1705 97.

51 1705 158 1758 λόγῳ
177 1706 248 1757 μὲν
273 1707 339 1744 καὶ
357 1705 412 1755 τῷ
431 1705 569 1753 senefia,
586 1704 681 1758 {cygn
704 1704 749 1743 δὲ
769 1719 806 1757 p.
830 1717 914 1756 132.
938 1704 1044 1756 λὸγῳ
1062 1704 1145 1755 μὲν,
1163 1709 1206 1743 το
1228 1706 1268 1744 δ’
1284 1707 1330 1744 οἱ·

49 1758 156 1799 λιιθὲς
176 1774 214 1813 p.
233 1760 319 1814 138.
333 1759 440 1799 Illam
457 1761 711 1813 χρηστότητα
727 1760 768 1798 &
786 1757 1078 1810 φιλανθρωπιαν,
1095 1771 1197 1811 quae
1216 1759 1328 1813 saepe

52 1827 160 1853 mera
178 1813 225 1853 fit
252 1814 456 1861 stoliditas,
475 1815 602 1868 tetigit
623 1812 777 1853 Herald.
799 1813 846 1852 de
867 1810 916 1850 R.
938 1810 967 1850 Ι.
991 1814 1041 1851 Α.
1066 1812 1107 1859 1,
1126 1825 1160 1852 c.
1191 1827 1226 1866 5,
1251 1814 1266 1863 §
1291 1815 1330 1858 6,

51 1868 217 1908 Hmsr.

107 1925 183 1962 ead.
200 1925 224 1963 l.
246 1935 306 1963 10.
326 1921 460 1975 Κόραξι
479 1920 546 1961 καὶ
566 1920 711 1974 λύκοις)
730 1920 833 1960 Idem
854 1919 985 1973 paffim
1004 1919 1106 1960 Dial.
1130 1921 1250 1961 Mort.
1266 1922 1327 1963 Sic

53 1988 174 2016 vocat
193 1980 436 2029 παρασίτους
459 1976 526 2015 καὶ
549 1976 735 2015 κολακας.
756 1976 899 2015 &emm
917 1987 1027 2014 antea
1045 1988 1093 2014 ex
1120 1974 1324 2016 Demosth.

53 2032 103 2069 ad
118 2031 268 2083 Nigrin.
287 2031 303 2080 §
321 2046 383 2070 22.
397 2031 585 2071 BOURD..

110 2085 146 2124 in
164 2087 280 2125 Sclzol.
294 2086 355 2124 col.
378 2099 411 2124 1.
428 2087 453 2124 l.
474 2100 506 2124 1.
522 2082 663 2138 Ἑορτῐῐς
676 2085 727 2123 'A.
747 2078 803 2122 οίῖ.
816 2083 1079 2138 καλουμένης)
1099 2085 1141 2123 L.
1158 2082 1259 2137 ἑορτὴ
1277 2106 1323 2117 --

54 2141 280 2189 καλουμένη·
297 2139 337 2179 &
352 2138 402 2178 fic
416 2140 471 2178 V.
487 2140 645 2179 SOLAN.

109 2194 191 2232 ibid.
219 2195 285 2234 col.
317 2209 352 2232 2.
378 2194 402 2232 l.
439 2206 471 2232 1.
496 2192 758 2240 Διασιαίνειν)
786 2191 968 2231 Verbum
993 2191 1120 2239 nihili,
1146 2193 1252 2245 quod
1276 2206 1327 2233 ex

55 2245 327 2287 Grammaticis
343 2247 538 2287 veteribus
556 2247 655 2285 male
677 2245 874 2285 intelleffls
893 2245 957 2285 vel
977 2245 1155 2285 mendose
1177 2247 1329 2300 scriptis

58 2303 240 2355 arripuit:
262 2302 525 2354 interpretatio
553 2301 592 2339 in
616 2301 709 2339 Exc.
731 2299 781 2340 G.
802 2313 882 2339 non
910 2300 1060 2339 melior.
1081 2301 1225 2339 Διάσια
1250 2314 1329 2339 vo-

55 2354 142 2395 lunt
159 2356 233 2395 dici
255 2356 334 2394 ἀπο
358 2355 425 2394 τοῦ
450 2354 658 2406 ἓιαφυγεῖν
680 2351 818 2393 αὖτοὺς
840 2349 980 2407 εὐχαῖς
1005 2354 1163 2407 (quibus
1186 2353 1324 2394 lovem

54 2410 257 2462 Μειλίχιον
271 2409 445 2463 adibant)
458 2412 534 2448 τὰς
550 2422 662 2448 ἰο-ας·
677 2409 728 2446 ita
743 2408 843 2446 Suid.
858 2421 906 2447 ex
923 2407 1122 2461 Aristoph.
1137 2408 1252 2447 Schol
1278 2408 1324 2447 ad

54 2463 162 2503 Nub.
178 2477 273 2514 407,
287 2463 388 2516 apud
404 2476 522 2516 quem
542 2461 720 2516 perverse
739 2462 811 2514 legi
836 2476 936 2500 ατας
957 2463 1108 2501 monuit
1127 2461 1325 2503 Kusterus.

51 2518 154 2562 idem
165 2518 306 2560 vitium
318 2531 367 2559 ex
378 2516 555 2572 Sapphus
566 2516 654 2558 Oda
668 2517 818 2558 detersit
833 2516 885 2557 H.
901 2515 1081 2570 Stephan.
1095 2516 1141 2556 ad
1153 2516 1326 2559 Erotian·
