1737 3378
303 224 384 269 IN
431 216 1035 268 PROMETHEUM.
1211 235 1299 282 203

1097 324 1296 338 m

211 382 313 426 IN
379 380 1134 428 PROMETHEUM.

98 470 188 523 Pag.
205 469 264 511 18.
283 472 306 509 l.
328 485 360 512 1.
376 471 519 524 ΠΡΟΣ)
537 470 625 511 Post
639 482 781 509 annum
799 469 956 509 Luciani
975 469 1304 522 quadragesimum

43 521 180 576 scripta
197 523 251 564 est
264 523 357 564 haec
372 525 497 564 oratio
509 555 521 571 ,
535 538 612 577 qua
626 523 794 563 fautores
811 522 995 576 quosdam
1010 522 1112 569 suos,
1134 522 1249 562 solam
1265 526 1304 563 in

42 577 123 616 eius
138 576 280 630 scriptis
297 579 509 617 novitatem
527 577 740 621 laudantes,
768 587 899 615 monet
911 605 924 621 ‚
947 589 1026 615 non
1041 587 1118 615 tam
1133 578 1306 617 novitate

42 642 156 669 exem
187 630 231 677 li,
246 643 326 683 quo
345 630 598 670 Comoediam
620 644 707 670 cum
722 629 895 682 Dialogo
919 630 1201 675 coniunxerat,
1222 630 1306 669 lau-

45 683 130 722 dem
163 696 184 722 e
201 683 388 736 captaffe,
403 697 520 737 quam
538 697 585 724 ex
605 683 692 737 ipsis
708 683 844 722 salibus
855 713 865 729 ,
886 695 929 722 ac
941 683 1062 722 totius
1073 683 1202 736 operis
1217 696 1308 722 con-

43 736 226 776 cinnitate
244 751 288 777 ac
310 736 448 777 forma.
468 737 642 778 Eiusdem
666 737 879 790 argumenti
904 735 1110 790 aetatisque
1134 735 1235 776 forte
1249 736 1304 776 est

44 789 198 829 Zeuxis.
215 789 301 829 Post
315 790 506 844 Dialogos
520 791 679 844 scriptus
693 792 742 829 A.
768 805 801 829 2.
815 789 972 830 SOLAN.

101 846 173 882 ead.
191 844 215 882 l.
231 858 264 896 3.
281 844 494 898 Προμηθέα)
511 845 625 884 Hanc
642 857 780 883 vocem
796 845 1026 897 interpretor
1043 843 1088 881 ad
1104 843 1168 882 lib.
1188 855 1205 894 5
1224 843 1306 882 He-

44 894 133 935 liod.
151 907 295 949 partem
318 899 486 950 priorem
508 899 618 938 huius
636 898 773 950 dialogi
794 899 1063 951 interpretatur
1079 896 1221 937 Athen.
1240 896 1306 937 lib.

41 324 225 341 *—

12 973 16 977 -
44 962 83 999 7.
103 949 236 1003 Scalig.
259 951 304 990 ad
320 951 454 991 Euseb.
472 953 645 992 BOURD.

101 1007 174 1042 ead.
187 1006 209 1042 l.
223 1019 258 1055 7.
274 1004 453 1059 Blcpsszpbc
469 1020 530 1044 τος
549 1004 806 1058 παριομικρὸν)
821 1004 1041 1056 Legendum
1060 1003 1217 1056 βόρβορός
1236 1017 1307 1044 τις.

46 1054 188 1105 Erasm.
204 1058 244 1097 in
264 1059 433 1111 Adagio:
457 1061 633 1098 Barbarus
649 1076 664 1097 e
684 1059 795 1097 trivio.
818 1059 956 1097 BROD.
979 1059 1144 1105 Mirum,
1169 1070 1305 1097 omnes

47 1110 232 1151 editiones
255 1112 428 1152 habuiffe
448 1114 649 1165 βάρβαρος,
664 1125 753 1152 cum
771 1112 816 1151 de
840 1112 976 1151 menda
995 1112 1069 1150 viri
1092 1110 1192 1150 doai
1214 1125 1307 1151 mo·-

44 1164 229 1204 nuiss'ent:
247 1167 382 1218 repetit
403 1166 493 1205 illud
513 1167 701 1206 Lucianus
721 1165 863 1219 passim.
874 1166 1046 1205 BOURD.
1061 1165 1120 1203 Sic
1135 1164 1243 1204 Plato
1259 1165 1306 1205 de

47 1216 260 1271 Rep.V11‚
283 1219 340 1259 ed.
368 1220 489 1272 Lugd.
511 1235 547 1274 p.
568 1219 644 1268 488
669 1220 711 1259 B.
735 1221 800 1258 καὶ
821 1219 877 1268 τῷ
896 1220 972 1259 ’ἀντι
996 1220 1028 1259 ἐν
1047 1217 1195 1270 βορβὸρῳ
1218 1220 1306 1270 βαρ-

44 1271 183 1324 βαρικῷ
204 1287 303 1318 τινι,
321 1273 367 1313 de
380 1275 506 1314 anima
525 1273 691 1313 tenebris
709 1274 948 1326 ignorantiae
963 1271 1148 1312 immersa.
1163 1271 1207 1310 In
1221 1272 1306 1312 ΜΗ.

45 1334 193 1365 tantum
209 1326 260 1366 Ο.
275 1326 316 1366 &
331 1329 399 1367 W.
415 1327 455 1367 δι
470 1326 654 1381 plerisque
671 1326 852 1380 impreffis
873 1326 1050 1380 βάρβαρος
1069 1326 1217 1378 legitur.
1234 1326 1308 1365 Sed

48 1377 149 1418 Coll.
171 1380 210 1420 δι
234 1381 265 1420 Ι.
286 1380 342 1420 ed.
357 1393 491 1421 veram
506 1381 726 1433 scripturam
749 1380 934 1429 afferunt,
951 1393 1070 1433 quam
1086 1380 1307 1420 coniectura

45 1433 160 1472 etiam
175 1433 361 1474 assecutus
380 1435 432 1474 est
446 1436 682 1476 Benediftus.
697 1435 740 1474 In
754 1434 852 1474 Cod.
869 1434 932 1473 W.
951 1445 1121 1473 notatam
1136 1446 1220 1472 eam
1237 1447 1310 1473 vo-

46 1499 130 1526 cem
157 1499 276 1540 puto‚
295 1501 385 1528 cum
408 1490 442 1529 ei
466 1489 592 1529 versui
614 1490 653 1528 in
679 1489 847 1541 margine
866 1500 958 1527 nota
975 1488 1069 1527 haec
1091 1487 1237 1540 [—j—]
1260 1487 1306 1525 fit

47 1540 242 1594 adscripta.
262 1542 417 1582 SOLAN.
434 1543 596 1596 Βόρβορος
618 1557 667 1583 eo
688 1542 812 1582 differt
832 1556 854 1582 a
875 1541 984 1591 πηλῷ
997 1573 1008 1590 ‚
1026 1542 1130 1594 quod
1151 1542 1191 1581 ὅ(
1208 1541 1306 1580 male

48 1594 173 1644 oleat,
191 1596 231 1635 δι
253 1596 345 1636 nulli
365 1596 409 1635 s1t
431 1596 539 1646 usui3
560 1611 649 1638 cum
669 1607 804 1636 contra
831 1599 950 1636 πυλὶς
963 1626 976 1641 ,
996 1608 1081 1634 terra
1102 1597 1227 1648 liqzcore
1250 1595 1309 1646 af-

41 1647 271 1701 fiefiJficbafflz
283 1678 293 1697 ,
311 1650 357 1690 ad
375 1650 594 1703 fingendum
613 1650 656 1689 sit
676 1650 853 1689 idoneus:
869 1663 890 1688 a
907 1649 1063 1688 Platone
1086 1651 1123 1688 in
1145 1650 1307 1690 Theaet.

49 1715 86 1754 p.
116 1716 188 1756 109
205 1702 250 1743 C.
267 1716 503 1744 memoratur
523 1707 643 1745 πυλὶς
660 1704 675 1742 ὃ
691 1703 763 1743 τῶν
783 1703 973 1756 χυτρὲων,
990 1703 1055 1742 καὶ
1070 1705 1187 1742 πυλὶς
1203 1703 1217 1741 ὃ
1233 1703 1306 1743 τῶν

47 1756 294 1807 κοροπλάθων,
307 1758 371 1797 καὶ
386 1761 506 1798 πηλὸς
520 1758 535 1796 ὃ
551 1758 623 1798 τῶν
637 1757 835 1809 πλινθουργ
843 1757 899 1796 ὧν·
919 1757 997 1796 hoc
1015 1757 1160 1795 Latinis
1175 1758 1306 1803 lutum,

47 1808 141 1849 illud
158 1826 293 1850 coenum
306 1826 316 1859 3
331 1825 448 1865 quam
464 1812 747 1852 vocabulorum
767 1811 923 1850 istorum
944 1812 983 1849 in
998 1821 1161 1863 utraque
1177 1811 1306 1863 lingua

47 1866 319 1917 proprietatem
347 1865 449 1905 reae
478 1865 633 1906 Gloffae
661 1876 811 1905 veteres
842 1864 1070 1904 observant:
1100 1865 1233 1903 eadem
1268 1865 1307 1904 in

47 1918 358 1959 translationibus
378 1920 466 1959 inde
479 1920 600 1959 duciis
622 1919 789 1959 distineta
806 1918 913 1958 facile
938 1929 1053 1971 patet.
1069 1918 1133 1957 De
1148 1917 1309 1970 βόρβορος

51 1970 94 2009 δι
108 1972 326 2025 βορβορώδης
346 1974 434 2014 vide
450 1975 500 2014 H.
522 1974 622 2013 Iunii
646 1973 793 2025 Adagia
808 1973 847 2012 in
870 1973 969 2012 coeni
983 1973 1143 2026 agitator.
1156 1973 1311 2011 Nihilo-

50 2025 174 2065 minus
199 2025 280 2066 fieri
304 2040 582 2080 nonnunquam
606 2026 751 2080 potest,
780 2036 825 2065 ut
856 2027 894 2064 in
915 2027 1071 2066 candem
1098 2039 1308 2079 propemo-

49 2079 141 2119 dum
154 2079 466 2133 fignificationem
484 2083 739 2122 conveniant:
753 2079 946 2133 Aristoph.
965 2082 1004 2119 in
1020 2079 1135 2133 Vesp.
1151 2095 1190 2121 v.
1211 2080 1307 2128 248,

50 2135 422 2187 257‚259.HEMST.
463 2157 466 2160 ·
717 2157 721 2160 ·

103 2190 176 2227 ead.
189 2191 213 2227 l.
226 2201 262 2238 9.
275 2188 578 2240 Ἐπευφημίζεις)
600 2188 703 2228 Male
720 2189 757 2227 in
780 2187 959 2227 omnibus
976 2187 1209 2226 editionibus
1226 2187 1310 2226 ἐπι-

0 2273 1 2277 ,
52 2241 232 2293 φημίζεις.
249 2241 335 2281 Alia
350 2242 464 2282 leffio
478 2242 630 2289 melior,
651 2243 696 2281 de
715 2255 792 2294 qua
813 2242 897 2281 dico
912 2241 1007 2279 alibi.
1023 2241 1195 2280 Bonan.
1210 2241 1312 2279 Ἐπι-

0 2342 1 2345 ,
53 2294 243 2348 φημίζεις)
263 2297 441 2335 Ominibus
455 2296 515 2336 hic
532 2296 660 2336 nullus
682 2296 816 2343 locus3
831 2294 1015 2348 aptiffima
1034 2304 1168 2334 contra
1187 2295 1312 2347 elogio-

0 2391 1 2400 *
52 2364 125 2389 rum
137 2348 433 2401 magnificorum
449 2350 607 2390 mentio.
630 2351 732 2390 Hinc
748 2348 800 2388 est
813 2381 823 2396 ‚
842 2349 949 2401 quod
968 2349 1065 2388 hanc
1088 2348 1307 2401 scripturam

0 2423 1 2455 i
50 2401 170 2442 secuti
182 2402 308 2442 sumus
319 2434 333 2450 ‚
348 2404 402 2443 M.
417 2405 532 2443 etiam
552 2403 697 2443 Codice
710 2403 914 2442 firmatam.
930 2401 1131 2442 Demosth.
1142 2416 1237 2467 pag.
1257 2416 1308 2441 m.

58 2470 131 2508 329
145 2457 194 2496 A.
209 2455 286 2510 χρὴν
301 2488 309 2498 .
330 2489 338 2497 .
357 2488 366 2497 .
388 2489 395 2497 .
415 2458 524 2497 πάνθ’
544 2457 615 2497 ὅσοι
635 2472 693 2497 τις
712 2457 872 2509 πράττει
896 2456 984 2496 τοὺς
1002 2455 1111 2496 Θεοὺς
1138 2456 1312 2504 emotus-i-

54 2510 119 2563 ζων
131 2539 143 2559 ,
162 2509 325 2552 τοιαῦτα
346 2512 553 2563 eminatam
565 2542 577 2562 ,
600 2509 659 2551 οἹοι
670 2511 766 2564 ‘tans’
783 2510 827 2552 ἂν
848 2510 908 2552 ἐπ’
926 2510 1109 2563 ἀνθρώπου
1125 2508 1311 2565 πρηχθέν-
