1737 3378
351 233 447 276 424
559 211 1433 261 ANNOTATIONFS

349 311 407 339 ter
422 310 536 350 atque
551 298 703 351 egregie
719 296 790 337 sint
808 298 951 358 gestae:
972 298 1021 337 ita
1039 298 1204 350 postulat
1225 300 1315 340 usus
1330 301 1444 340 huius
1464 311 1629 357 praepo-⁴

350 353 499 391 sitionis
515 352 617 413 apud
634 351 836 391 historicos
851 351 1184 405 frequentissimus.
1199 354 1278 393 lain
1294 368 1393 394 vero
1406 355 1629 396 Acharneu-

351 405 410 445 ses
430 406 492 445 hic
511 407 685 446 omnium
708 407 865 445 minime
879 408 1146 455 conveniunt,
1170 408 1270 447 inter
1283 408 1437 448 Atticae
1460 410 1629 461 regionis

355 459 490 499 demos
504 472 590 512 pars
603 460 811 513 praecipua
823 460 863 499 ἃ*
879 474 905 499 v
910 459 1127 506 alidiffima,
1145 475 1313 514 quorum
1330 463 1500 515 inprimis
1515 464 1630 503 inter·

351 523 462 560 erat,
481 524 525 552 ut
544 513 834 567 Peloponnesii,
854 514 1092 554 Archidamo
1107 515 1202 554 duce
1217 515 1470 556 Athenienses
1482 517 1603 556 adorti
1616 546 1629 563 ,

354 567 456 619 agris
471 566 570 615 suis,
584 580 686 620 quos
708 568 838 620 positis
854 568 905 607 ibi
922 581 964 607 ce
955 567 1049 607 stris
1071 568 1313 615 evastabant‚
1333 569 1628 622 expellerentur.

354 620 495 672 Quam
509 621 561 660 ob
575 635 655 660 rem
668 635 750 660 non
765 623 925 667 dubito,
947 623 1037 674 quin
1061 623 1083 660 i
1086 636 1111 660 i
1103 622 1256 675 cgeniola
1273 623 1384 662 Fabii
1405 623 1629 664 coniee'tura

354 674 560 728 plerosque
574 674 618 714 fit
634 675 810 715 habitura
825 657 1126 727 suffragitores‚
1135 677 1218 727 περὶ
1232 676 1375 729 Αχάρι
1380 692 1441 723 ας,
1455 689 1497 717 ut
1513 676 1628 730 respi-

355 729 432 768 ciat
447 729 638 768 Lucianus
653 729 755 768 illam
778 728 998 775 historiam,
1019 743 1134 781 quam
1153 731 1405 770 Thucvdides
1420 734 1629 771 memoriae

357 783 554 823 mandavit
569 782 628 829 II,
654 797 716 835 19,
735 796 783 822 20
800 783 839 821 δι
853 782 929 835 leq.
943 783 1038 849 Ego
1042 795 1168 822 tamen
1185 785 1356 823 nondum
1371 798 1389 824 a
1405 798 1464 824 me
1479 784 1629 838 possum

356 836 590 890 impetrare.
605 847 648 875 ut
667 838 857 875 dimittam
870 837 959 876 illud
973 853 1022 889 πρ
1027 835 1076 875 ὃς·
1092 849 1210 889 atque
1225 839 1320 878 adeo
1334 838 1560 899 perlibenter
1574 853 1631 879 re-

356 889 512 929 stituam
535 889 768 941 Ἀκαρνᾶνας·
795 891 846 929 ita
870 853 1022 943 duplicip
1035 889 1200 930 vietoria
1222 892 1404 931 Timonis
1423 894 1633 941 virtutem,
1694 920 1698 922 ψ

356 943 476 984 caefis
490 945 531 984 ἃ
543 944 812 984 Acarnanibus
828 945 867 983 &
882 944 1191 997 Peloponnesiis,
1211 943 1320 985 fuiffe
1335 947 1499 998 potitam
1522 959 1631 986 men-

358 999 454 1038 titur
467 1000 642 1051 impurus
659 998 844 1038 adulator.
859 998 1081 1038 Acarnanes
1093 1009 1223 1038 autem
1239 960 1378 1039 strenui
1394 1000 1434 1040 δι
1449 999 1537 1040 belli
1551 1001 1632 1040 lau-

359 1052 405 1091 de
420 1065 465 1092 ac
482 1052 716 1091 mercenaria
737 1052 869 1091 militia
890 1053 981 1091 clati
1003 1052 1112 1113 saepe
1130 1066 1216 1092 cum
1236 1053 1546 1094 Lacedaemoniis
1567 1055 1630 1094 ad-

356 1105 492 1145 versus
505 1105 755 1145 Athenienses
771 1105 973 1146 steterunt:
994 1119 1087 1159 qum
1109 1108 1222 1146 etiam
1236 1107 1417 1148 Pericles
1410 1121 1447 1147 m
1462 1108 1632 1148 Acarna-

356 1160 476 1208 niam,
489 1161 597 1213 prius
610 1159 918 1213 Peloponnesum
930 1160 1206 1221 depopulatus.
1219 1161 1500 1215 expeditionem
1514 1161 1634 1202 susce-

356 1215 432 1266 pit:
446 1191 637 1254 Plutarch.
654 1214 704 1253 T.
718 1215 749 1262 I,
765 1229 803 1275 p.
825 1214 894 1267 163
911 1214 962 1253 D.
978 1228 1059 1277 quo
1076 1215 1266 1280 pertinent
1285 1216 1378 1255 haec
1391 1215 1627 1256 AristidisT.

356 1268 403 1314 I,
423 1282 460 1320 p.
480 1281 553 1321 302
569 1267 616 1307 C.
632 1282 705 1308 των
717 1268 751 1307 ἐν
765 1268 982 1326 Ακαρνεινίᾳ
998 1265 1110 1330 (ὑπὲρ
1124 1282 1188 1308 της
1206 1268 1277 1307 {nsi
1268 1269 1561 1323 πραχθέντων’
1567 1276 1632 1309 Ε)-

358 1323 499 1374 λάέος)
513 1322 553 1361 &
566 1322 615 1361 T.
634 1321 690 1369 11,
710 1336 744 1373 p.
767 1321 815 1370 48
828 1322 872 1361 R.
886 1319 975 1362 oisc.
989 1322 1034 1362 δὲ
1048 1322 1099 1361 εἰς
1114 1321 1301 1362 olmera:
1313 1324 1533 1374 Ἀκαρνάνων
1544 1324 1633 1364 sm-

359 1376 515 1421 βάντας·
534 1375 624 1414 vide
645 1352 812 1415 D'iodor.
835 1376 908 1417 Sic.
931 1376 1009 1422 XI,
1030 1391 1065 1428 p.
1088 1375 1163 1415 286
1183 1377 1227 1416 B.
1248 1378 1320 1416 iam
1344 1377 1435 1416 nihil
1457 1378 1633 1430 impedit,

358 1442 443 1481 quo
459 1430 586 1468 minus
599 1429 768 1468 Demeas
788 1442 932 1482 ponere
953 1432 1145 1476 credatur,
1159 1431 1196 1468 in
1217 1432 1286 1470 hac
1301 1430 1375 1484 ipsa
1390 1432 1633 1484 expeditione

360 1484 545 1523 virtutem
560 1484 741 1522 Timonis
763 1483 954 1523 enituisse:
978 1497 1064 1523 nam
1089 1495 1130 1523 ut
1154 1497 1204 1523 eo
1223 1483 1381 1532 referas,
1400 1498 1482 1547 quo
1504 1486 1635 1526 voluit

357 1537 497 1585 Faber,
510 1537 612 1577 haud
626 1538 789 1578 omnino
802 1537 1048 1578 necessarium
1063 1552 1086 1576 v
1091 1538 1232 1578 idetur:
1251 1538 1451 1599 ἀριστεύειν
1463 1534 1555 1591 ὑπὲρ
1568 1555 1634 1579 της

359 1592 509 1631 πόλεως
522 1591 625 1631 recie
637 1591 788 1652 dicitur,
799 1593 1027 1645 ubicunque
1043 1593 1223 1632 locorum
1238 1593 1322 1645 quis
1335 1605 1407 1646 pro
1420 1594 1543 1645 patria
1558 1592 1634 1633 for·

358 1646 447 1685 titer
471 1658 553 1684 rem
577 1646 684 1698 gerit.
706 1645 832 1686 Porro
848 1659 929 1685 non
947 1645 1110 1686 insolens
1126 1645 1202 1693 est,
1222 1647 1291 1686 has
1313 1646 1492 1700 utrasque
1513 1660 1635 1688 voces

358 1699 507 1739 sedem
498 1711 598 1739 mter
612 1700 648 1740 le
661 1712 831 1740 mutare:
856 1700 1040 1741 Senecae
1034 1713 1071 1739 m
1087 1701 1246 1754 Hippol.
1261 1715 1298 1739 v.
1318 1715 1361 1740 21
1380 1715 1452 1754 pro
1464 1701 1633 1743 Acarnan

358 1754 426 1794 vel
444 1755 537 1794 Ach
536 1770 641 1794 zrnan
656 1755 899 1794 reddiderunt
914 1755 1057 1794 Achartz
1061 1755 1162 1794 e.usI
1177 1754 1236 1794 Fr.
1252 1754 1377 1795 Gron.
1394 1755 1434 1795 &
1453 1755 1484 1795 Ῑ.
1503 1756 1636 1796 Meur-

358 1807 488 1849 fiusin
502 1808 587 1848 Rel
600 1808 685 1848 Att.
696 1809 815 1857 Vide,
830 1822 930 1861 quae
942 1809 1114 1848 dicemus
1130 1809 1233 1847 adA.
1246 1808 1318 1848 ‘Ii-t.
1333 1809 1420 1849 VII.
1436 1811 1598 1850 HEMST.

414 1866 488 1902 ead.
503 1864 525 1901 l.
540 1878 578 1912 4.
594 1872 669 1901 Avo
682 1862 832 1916 μοίρας)
843 1849 1101 1916 Complures
1096 1861 1161 1914 μόρ
1166 1861 1408 1902 ascribunt.
1428 1864 1568 1904 BROD.
1579 1864 1630 1905 T.

358 1916 482 1957 Faber
498 1929 637 1956 vocem
651 1916 863 1957 Graecam
855 1930 892 1956 m
906 1932 929 1955 v
923 1916 1084 1956 ersione
1103 1917 1258 1965 retiner,
1280 1917 1376 1956 idem
1400 1917 1481 1970 (M.
1498 1918 1636 1972 viros)

357 1970 499 2011 inserit.
518 1971 632 2010 Alius
644 1972 705 2010 vir
719 1973 856 2012 doetus
867 1972 1018 2010 cohortes
1033 1984 1121 2010 mav
1126 1971 1204 2016 ult,
1221 1984 1298 2023 ego
1311 1972 1457 2024 agmina.
1471 1971 1632 2012 SOLAN.

358 2024 525 2064 Facinus
539 2024 702 2074 illustre,
716 2024 744 2063 si
758 2025 923 2078 (μεθῶ,
944 2025 989 2065 ad
1006 2001 1268 2077 IphicratemD
1250 2035 1393 2078 quanta
1410 2026 1634 2066 redundarit

360 2079 443 2119 laus
456 2091 505 2118 ex
516 2091 581 2125 eo,
595 2079 701 2131 quod
713 2092 827 2118 unam
842 2080 960 2119 modo
974 2080 1366 2119 Lacedaemoniorum
1382 2093 1531 2119 moram
1544 2094 1631 2121 con-

357 2133 510 2172 ciderit:
530 2133 568 2171 in
595 2133 659 2171 illa
680 2132 835 2172 historia
855 2134 1041 2172 narranda
1066 2132 1270 2174 formulam
1294 2133 1400 2186 quasi
1424 2133 1632 2175 solemnem

358 2198 512 2226 veteres
526 2185 710 2247 usurpant
721 2186 951 2239 Iphicratem
965 2201 1095 2225 κατεικ
1100 2187 1193 2237 ὁψαι
1206 2189 1270 2226 την
1283 2189 1413 2240 μοῖραν
1427 2188 1488 2227 vel
1501 2188 1637 2240 mpetu.-

359 2240 564 2281 Demosth.
577 2240 616 2278 in
628 2241 814 2282 Aristocr.
830 2255 864 2294 p
882 2253 959 2291 757
975 2241 1026 2280 D.
1042 2240 1231 2280 Plutarch.
1246 2242 1358 2294 Aget.
1407 2254 1464 2294 ag.
1489 2243 1566 2292 607
1586 2242 1630 2283 F.

360 2295 606 2348 Harpocr.1n
620 2298 762 2334 Ξενικον
781 2295 816 2334 ἐν
832 2294 971 2347 Κορίνθῳ
991 2308 1040 2335 ex
1054 2295 1299 2335 Androtione
1313 2296 1354 2336 &
1399 2295 1630 2337 hilochoro:

359 2348 459 2388 mihi
472 2349 632 2388 dubium
648 2362 729 2389 non
743 2348 809 2398 est,
825 2351 918 2402 quin
932 2350 1007 2389 hoc
1020 2350 1141 2402 iplum
1155 2349 1332 2388 Luciano
1347 2348 1480 2388 fuerit
1473 2362 1510 2388 in
1524 2361 1633 2389 men-

359 2414 410 2442 te.
426 2402 588 2443 Nullum
608 2402 661 2442 est
672 2402 897 2443 discrimen
889 2414 988 2442 inter
998 2418 1080 2456 μοιρ
1084 2419 1109 2442 οι
1123 2403 1162 2442 &
1176 2405 1295 2455 μόρα,
1317 2402 1384 2442 nifi
1406 2403 1514 2455 quod
1536 2403 1633 2446 haec
1662 2428 1670 2432 —

359 2456 486 2498 forma
498 2455 543 2496 fit
555 2458 708 2522 propria
722 2457 935 2497 Laconicae
946 2457 1110 2496 dialeffi:
1132 2470 1252 2511 quare
1265 2457 1356 2496 nihil
1374 2467 1457 2497 erat
1472 2456 1610 2498 causae
1621 2488 1634 2507 ,

358 2524 428 2553 cur
441 2523 515 2567 pro
529 2526 595 2553 την
613 2526 745 2565 μοιραν
768 2512 806 2552 in
819 2510 1002 2553 Pausania
1022 2511 1097 2562 111,
1111 2525 1151 2566 p.
1170 2510 1273 2560 228,
1290 2511 1410 2565 μόραιν
1423 2523 1632 2566 reponeret
