1737 3378
371 236 462 283 452
571 209 1450 260 ANNOTATIONES

424 303 502 341 ibid.
516 303 593 340 Τεις
606 297 664 340 οῧν
676 299 731 339 cite.
746 299 784 340 s.
799 298 989 353 μεγάλαις
1007 297 1144 352 οὔσαις)
1159 298 1199 339 Si
1213 298 1324 339 locus
1337 299 1389 339 est
1401 299 1561 354 integer,
1574 314 1646 346 nec

370 356 582 409 quidquam
606 353 858 400 desideratur,
885 365 985 406 quae
1007 351 1169 405 suspicio
1200 365 1279 392 non
1303 354 1499 394 immerito
1523 357 1647 415 posset

370 410 563 456 suboriri,
581 409 673 447 nihil
691 407 743 447 est
768 408 980 460 reliquum,
1004 420 1121 458 quam
1144 418 1186 446 ut
1210 405 1447 446 accusativos
1469 409 1648 450 absolute

372 464 518 517 positos
527 461 797 515 agnoscamus:
816 474 917 514 quae
931 459 1142 500 struelurae
1154 461 1251 499 ratio
1262 460 1346 500 satis
1358 461 1530 514 alioquin
1543 463 1649 515 apud

372 516 548 557 Graecos
563 517 681 556 obvia
698 514 832 555 fefellit
851 516 1076 567 interpretes
1089 526 1170 553 tum
1193 514 1320 554 hocin
1341 515 1430 554 loco
1442 545 1452 561 ‚
1468 526 1551 555 tum
1568 515 1650 557 sae·

372 572 461 624 pius
475 571 582 609 alibi:
602 570 777 622 exempla
795 569 894 608 dedit
911 581 959 607 ex
973 567 1157 607 Pausania
1172 567 1405 620 Sylburgius
1419 569 1457 607 in
1474 568 1594 610 Praef.
1610 584 1649 623 p.

374 639 463 678 930.
478 625 581 664 Vide
595 634 790 677 praeterea
804 623 935 662 Kuhn.
951 622 999 660 ad
1013 622 1166 661 Aelian.
1177 623 1227 660 V.
1244 622 1293 660 H.
1311 622 1367 667 ll,
1393 635 1454 675 13,
1467 623 1534 662 ubi
1546 636 1649 676 quae

365 679 556 732 pleraque
580 689 690 719 notat
716 677 935 715 Perizonius
964 675 1048 714 sunt
1071 676 1195 715 aliena
1212 706 1223 723 ‚
1250 676 1289 714 δι
1319 675 1457 714 diversi
1482 679 1647 730 generis.

373 732 496 772 Strab.
508 732 539 778 1,
550 747 585 785 p.
599 746 638 778 7,
649 730 811 769 πολλοὲς
824 729 862 768 θ’
881 727 937 768 ἔτι
952 727 1008 768 νῦν
1022 729 1229 779 ἀνωνύμους
1240 730 1353 768 ’όντας
1365 742 1437 782 pro
1451 731 1601 770 πολλῶν
1612 731 1651 770 3⁹

373 786 430 826 ἔτι
447 785 502 826 νῦν
518 787 712 835 ἀνωνύμων
727 785 851 822 ’σ’ντων·
865 783 1103 822 Menodotus
1118 784 1220 836 apud
1235 784 1376 823 Athen.
1397 782 1490 830 XV,
1512 799 1548 838 p.
1569 786 1647 834 672

373 841 420 881 B.
432 844 706 888 πεπεισμένους
720 837 805 877 τοὺς
816 837 1012 889 Ἀργείους.
1030 836 1072 875 In
1083 836 1252 890 Diogen.
1265 837 1306 877 L.
1319 836 1388 884 IX,
1401 851 1467 886 42,
1481 839 1531 877 ita
1545 850 1652 879 nunc

374 894 532 947 legitur:
553 892 650 943 <pm-i
669 890 958 941 ἓὲἈΘηνόὃωρσς
979 890 1014 929 ἐν
1037 888 1055 930 ἦ
1076 890 1315 942 Περιπάτων,
1332 892 1499 931 ἑλθὸντος
1518 891 1654 931 Ἱππο-

375 948 538 1001 κράτους
550 949 640 998 ’πρὶς
655 942 784 991 αὐτὸν,
797 943 977 984 κελεῦσαι
993 943 1219 994 uoluminum
1235 943 1359 997 γάλα·
1374 944 1506 985 Suidas
1521 946 1560 984 in
1573 952 1652 986 An-

373 1000 573 1054 μὸκριτοςὸ
589 999 813 1050 Ἀβδηρίτης
827 999 926 1038 aliud
940 997 1122 1044 ostendit,
1139 996 1292 1037 ἐλθόντα
1302 997 1548 1051 Ἱπποκράτην
1560 1003 1652 1053 πρὶς

377 1055 624 1107 Δημόκριτον·
640 1054 744 1106 quod
760 1065 841 1104 quo
859 1054 985 1091 minus
997 1052 1034 1090 in
1050 1051 1228 1104 Diogene
1240 1051 1497 1105 conspiciatur
1510 1083 1522 1100 ,
1539 1053 1654 1093 libra.

377 1111 524 1149 riorum
541 1108 753 1161 imperitiae
768 1107 895 1146 deberi
910 1119 990 1146 non
1003 1106 1157 1146 dubito:
1174 1104 1225 1151 11,
1241 1105 1308 1154 48,
1324 1104 1453 1146 τοῦτον
1471 1107 1504 1146 ἐν
1519 1121 1654 1146 στενω-

378 1163 441 1211 m}
454 1176 576 1212 φασιν
596 1160 879 1201 ἀπαντήσαντα.
902 1158 1117 1212 Σωκράτει,
1130 1159 1327 1201 &tanim
1349 1159 1416 1200 ‘tin‘
1438 1160 1656 1214 ssxx‘tnpa‘owt

378 1218 431 1256 ibi
445 1216 547 1256 re&e
561 1216 751 1256 Kuhnius.
767 1215 934 1254 HEMST.

432 1274 506 1309 ead.
522 1272 544 1308 l.
560 1285 594 1319 7.
607 1268 800 1322 Ἀηδόνων)
816 1268 1074 1309 Lusciniarum
1090 1278 1247 1322 propter
1257 1267 1506 1308 Philomelam
1519 1267 1656 1309 memia

379 1325 449 1365 nit.
465 1325 622 1364 SoLAN.
1065 1363 1076 1372 ,

409 1396 411 1398 ’
435 1382 507 1418 ead.
521 1380 544 1417 l.
559 1378 594 1416 8.
611 1376 722 1416 Κλέος
739 1375 765 1415 J*
769 1376 783 1415 ὲ
796 1376 916 1427 μύθων
930 1376 946 1429 )
963 1376 1090 1416 Vertit
1107 1376 1313 1429 interpres:
1331 1377 1542 1430 praeclaram
1563 1376 1654 1416 hanc

374 1432 558 1484 fabulam,
579 1431 685 1484 quasi
708 1431 936 1469 vertendum
960 1431 1006 1469 ad
1029 1430 1194 1470 verbum
1218 1429 1332 1475 effet,
1350 1431 1493 1481 gloriam
1505 1428 1654 1481 fizbula-

381 1501 471 1526 rum:
490 1485 551 1525 sed
575 1487 680 1524 κλέος
703 1485 765 1524 hic
789 1483 863 1530 est,
885 1496 927 1523 ut
950 1483 1060 1536 saepe
1082 1484 1185 1537 apud
1202 1484 1446 1532 Homerum,
1467 1483 1655 1536 profhma

381 1542 516 1580 auditu
537 1550 712 1591 accepta:
733 1538 776 1578 Il.
794 1543 838 1586 Β,
858 1537 947 1587 486.
964 1539 1052 1578 Alia
1073 1538 1160 1577 loca
1181 1537 1363 1577 indicabit
1382 1537 1501 1577 Index
1523 1537 1657 1578 Eusta-

380 1595 539 1634 thianus
553 1594 611 1633 ed.
627 1593 747 1632 Rom.
768 1604 811 1632 ut
824 1593 863 1632 δι
885 1605 984 1645 quae
1002 1593 1047 1632 de
1069 1592 1142 1631 hac
1162 1604 1267 1631 voce
1288 1592 1403 1631 habet
1422 1591 1653 1633 Eustathius.

381 1648 517 1701 Itaque
530 1648 707 1687 Socrates
727 1646 789 1686 hic
811 1647 1002 1686 inducitur
1024 1646 1172 1692 dicens,
1193 1646 1424 1685 traditurum
1447 1645 1484 1685 se
1505 1646 1657 1697 liberis,

382 1716 484 1755 quae
496 1716 517 1741 a
528 1702 747 1754 parentibus
758 1701 802 1739 de
814 1700 941 1753 priscis
951 1699 1086 1740 fabulis
1097 1711 1306 1753 acceperat.
1319 1699 1478 1753 Dogma
1489 1699 1562 1740 fuit
1575 1700 1658 1740 Pla.

381 1758 572 1802 tonicum‚
589 1769 668 1796 non
683 1754 835 1808 quasvis
851 1754 1019 1801 fabulas,
1040 1753 1101 1794 sed
1123 1767 1186 1793 eas
1197 1784 1210 1799 ‚
1224 1767 1323 1807 quae
1337 1754 1384 1794 ad
1399 1754 1581 1794 virtutem
1603 1754 1658 1795 fa-

383 1812 522 1857 ciunt,
544 1811 670 1864 pueris
693 1809 767 1849 effe
790 1809 1081 1862 proponendas:
1111 1808 1234 1861 qualis
1256 1807 1385 1848 fabula
1411 1808 1660 1860 l-Ialcyonis,⁴

383 1878 485 1915 quae
496 1866 542 1904 ad
551 1864 926 1904 commendationem
938 1862 1022 1903 fidei
1037 1862 1248 1915 coniugalis
1259 1862 1432 1915 pertinet.
1444 1861 1658 1903 Consulen-

384 1920 454 1959 dus
469 1919 577 1958 Plato
590 1919 651 1958 lib.
665 1918 699 1958 Il
719 1918 764 1957 de
778 1918 879 1971 Rep.
901 1918 968 1956 ubi
987 1917 1115 1957 multis
1129 1917 1266 1969 probat
1281 1916 1365 1967 περὶ
1383 1918 1528 1956 παντὸς
1545 1932 1657 1958 ποιη-

383 1973 479 2017 τέον,
500 1972 527 2011 a
543 1972 679 2024 ,πρῶτοι
698 1971 893 2011 ἀκούουσιν
915 1970 974 2010 ‘dn
999 1970 1199 2010 κάλλιστοι
1215 1970 1551 2023 μεμυθολογημένα
1564 1975 1656 2024 πρὸς
1719 1967 1721 1970 ’

385 2027 518 2078 ἀρετὴν
535 2026 690 2065 ἀκούειν·
709 2028 856 2064 dandam
873 2026 1007 2064 omnino
1019 2024 1079 2075 effi
1093 2040 1224 2074 operam
1236 2055 1248 2070 ‚
1269 2037 1309 2063 ut
1323 2026 1385 2063 hae
1401 2024 1558 2074 tbbellae,
1570 2041 1658 2079 quas

381 2082 516 2134 primas
529 2081 687 2127 audient,
704 2080 1063 2133 elegantiffi'maqfiblae
1073 2082 1121 2117 ad
1131 2079 1371 2130 virtutemfint.
1385 2077 1511 2119 CLER.

383 2188 415 2228 B
437 2138 510 2173 ead.
523 2136 545 2173 l.
561 2148 597 2187 9.
612 2133 930 2188 Θρήνωνμελῳὸὲ)
949 2133 995 2171 Ὠ
1013 2134 1081 2186 ’όρνι
1101 2132 1354 2187 &putrefit-{Most
1368 2132 1573 2186 legendum
1587 2132 1656 2175 est.

419 2199 525 2228 ROD.
1070 2221 1074 2225 .

439 2247 513 2282 ead.
529 2243 553 2281 l.
574 2256 588 2281 1
601 2257 632 2281 1.
650 2239 799 2292 Γυναιξί
810 2241 844 2279 τ’
862 2241 971 2291 ἐμαῖς
984 2240 1001 2294 )
1015 2239 1126 2281 Duas
1141 2239 1249 2280 fuisse
1264 2240 1409 2281 Socrati
1423 2239 1534 2280 simul
1554 2254 1656 2282 uxo-

384 2310 467 2343 res,
486 2309 566 2336 non
581 2295 683 2336 solus
697 2297 910 2344 Lucianus,
930 2307 996 2335 aut
1008 2295 1177 2348 quisquis
1197 2296 1308 2335 huius
1322 2294 1497 2349 opusculi
1516 2297 1657 2337 auctor
1708 2310 1714 2324 ¹

384 2350 459 2398 est,
478 2351 642 2402 tradidit:
660 2351 719 2390 sed
737 2361 825 2389 ante
840 2350 879 2390 δε
894 2349 978 2401 post
991 2363 1079 2389 eum
1101 2349 1231 2398 multi3
1250 2361 1352 2402 quos
1367 2361 1496 2390 errare
1511 2348 1657 2389 Panae-

384 2406 460 2445 tius
482 2403 720 2447 firmiffimis,
742 2405 948 2444 Plutarcho
969 2405 1111 2451 iudice,
1135 2404 1367 2456 argumentis
1385 2405 1567 2444 evicerat.
1589 2402 1656 2444 De

382 2459 455 2499 hac
466 2458 671 2499 doetorum
686 2457 949 2498 controversia
964 2457 1071 2511 plura
1085 2458 1151 2510 qui
1167 2458 1288 2502 volet,
1307 2458 1419 2497 adeat
1433 2457 1593 2497 Bentleii
1608 2458 1656 2498 de

384 2512 588 2554 Phalaridis
596 2512 773 2567 Epistolis
784 2512 1089 2552 dissertationem.
1102 2512 1185 2551 Nos
1198 2512 1243 2551 de
1256 2512 1312 2551 his
1325 2512 1474 2553 feminis
1483 2512 1560 2551 hoc
1573 2523 1653 2552 mo-
