1737 3378
0 286 1 289 ’
24 288 31 305 N

323 222 426 268 IN
492 221 1023 267 TIMONEM.
1215 230 1309 285 331‘

0 349 1 353 ,
46 305 267 364 χρημάτων·
289 308 365 356 hic,
391 312 470 348 dum
493 309 644 357 vivebat,
675 324 714 347 ne
742 309 874 349 obolum
896 309 1023 362 quidem
1045 307 1135 346 dedit
1156 308 1310 347 Simoni:

5 403 8 406 ⁴
45 363 239 415 neutiquam
252 362 351 414 sane,
365 375 404 401 ut
413 363 475 422 2¹²2
487 378 528 401 ne
539 361 607 427 ips}
621 363 751 428 quf'alem
769 363 909 401 divitias
915 363 1004 413 ficas
1017 363 1200 415 attingeret.
1216 359 1308 414 Lys.

43 429 82 470 p.
103 430 177 468 94,
197 429 238 454 v.
265 429 339 465 17,
370 430 451 454 πως
472 418 552 468 γὰρ
578 421 642 463 ἄν,
669 430 771 454 οστις
789 415 862 455 &c.
880 430 916 468 p.
941 415 1036 465 178,
1067 429 1105 454 v.
1133 429 1175 468 31
1192 447 1203 463 ,
1225 415 1310 455 πῶς

45 471 133 522 ’γὰρ
145 498 156 516 ,
174 465 337 509 oftxods‘e
354 464 484 507 ⁷25⁷&
504 469 580 509 διε.
598 468 722 508 Isaeus
741 483 776 520 p.
798 483 873 519 72,
892 481 931 507 v.
958 482 971 506 1
984 482 997 506 1
1012 498 1026 514 ‚
1044 468 1126 508 πῶς
1144 470 1247 522 ’γάςς
1272 468 1305 509 οἱ·

43 522 114 574 μὲν
132 524 210 576 ’γὰρ
230 522 472 574 ὀνομοζζονται
488 522 702 576 συγγενεῖς.
718 522 841 574 Gorg.
857 535 929 575 pro
944 521 1081 560 Palam.
1097 536 1130 573 p.
1154 522 1227 575 189
1240 552 1248 568 ‚
1266 536 1308 563 v.

50 590 69 629 3
82 588 112 628 5.
128 588 216 614 nam
232 574 300 615 sub
315 576 464 615 initium
484 576 567 616 eius
586 576 778 616 orationis
797 589 834 628 p.
854 575 942 625 187,
954 588 993 614 v.
1011 590 1073 627 32,
1087 576 1136 613 H.
1151 575 1312 629 Stepha-

42 641 98 669 no
116 628 298 669 assentior
323 642 395 682 pro
416 627 497 667 πῶς
525 631 629 682 γὰρ,
650 629 746 682 ὅσγε
773 629 877 680 σώζει
897 628 1071 680 πατρίὸιι
1093 628 1165 667 ἃς.
1191 642 1306 682 repo-

40 683 154 722 nendi
171 682 253 723 πῶς
271 684 350 735 73⁶?
373 678 435 730 οὖς
454 682 551 735 ὅσγε
572 683 691 734 σώζει.
710 682 880 735 Alciphr.
909 682 948 730 Ι,
969 697 1003 735 p.
1030 696 1105 732 92,
1126 681 1208 721 πῶς
1227 685 1308 735 ’μὰς

40 735 63 777 ἰί
82 735 212 784 orbem
237 736 286 776 ibi
315 736 401 775 vide
425 735 553 790 Steph.
577 736 814 790 Berglerum.
839 736 981 776 Athen.
998 736 1077 781 VI,
1098 748 1134 788 p.
1167 736 1239 786 265
1264 737 1308 776 E.

43 788 129 829 πῶς
149 788 251 844 γάςς
273 788 388 829 ὁπότε
412 789 487 829 &c.
508 789 552 828 In
574 790 651 839 his,
675 791 840 830 minimis
857 790 1034 844 quidem,
1055 788 1116 828 sed
1138 789 1187 827 ad
1209 791 1310 827 nati-

41 855 133 883 vam
146 843 287 885 Graeci
300 842 486 883 sermonis
503 844 670 884 indolem
691 845 887 898 permagni
905 843 993 883 sane
1012 843 1218 890 momenti,
1238 844 1310 882 mi-

41 909 129 937 rum
143 897 217 946 est,
239 910 355 950 quam
377 896 486 951 saepe
506 897 620 937 fuerit
642 897 842 938 offensum.
861 899 1025 938 HEMST.
1078 895 1085 899 ’

95 951 179 990 ibid.
195 951 291 990 ‘Torb
312 951 448 1002 μαινὸς.
468 951 568 1005 nae.)
589 953 660 991 Sub
679 954 904 1004 mandragora
927 952 1075 991 dormis:
1097 964 1174 1004 qua
1191 951 1310 991 etiam

38 1016 161 1072 epota
182 1003 428 1045 somniculofi
452 1003 538 1045 sunt
561 1005 750 1045 homines.
777 1004 979 1046 Demosth.
1013 1004 1107 1044 Phil.
1135 1012 1182 1045 A.
1214 1006 1309 1044 ἀλλ’

39 1057 131 1100 aufe
151 1056 384 1112 ἀνεγερθῆναι
403 1058 608 1109 ἓὺνιιμεθιι,
630 1060 736 1098 ἀλλὰ
753 1059 1024 1112 μοινὲρειγόριιν
1044 1057 1261 1103 crem-concion
1286 1058 1308 1099 36

40 1126 81 1152 'ra
107 1112 308 1166 φάρμακον
329 1113 427 1152 ἄλλο
451 1111 637 1160 τοιοῦτον,
660 1113 831 1164 ἐοίκαμεν
856 1112 1057 1165 ἀνθρώποις.
1080 1113 1219 1151 BROD.
1243 1112 1309 1153 De

40 1165 119 1206 hoc
135 1166 319 1206 Proverb.
339 1168 601 1220 paroemiogr.
622 1166 668 1206 de
682 1168 964 1220 Mandragora,
984 1165 1203 1205 Dioscorid.
1227 1167 1311 1205 He-

39 1218 151 1272 sych.
173 1220 347 1260 BOURJ).
379 1222 457 1259 Ubi
473 1233 512 1259 tu
562 1221 669 1259 erinde
694 1237 736 1260 ac
762 1221 827 1271 fitb
849 1224 1074 1273 mandragora
1097 1220 1219 1272 stertis.
1249 1219 1308 1259 Ita

38 1274 157 1314 vertit
177 1273 376 1322 Erasmus,
397 1274 494 1314 bene
517 1237 724 1314 (genuclum
743 1274 938 1327 vulgatam
962 1274 1188 1321 leffionem3
1209 1274 1310 1313 male

11 1357 15 1362 ·
37 1326 245 1368 secundum
259 1328 464 1368 rationem.
481 1329 602 1368 Henr.
617 1328 830 1382 Stephanus
842 1329 880 1367 in
904 1342 943 1368 v.
959 1327 1233 1380 Μεινὸροιγὸραις
1247 1329 1312 1367 vi-

37 1381 152 1422 detur
163 1381 291 1435 legisse
305 1380 380 1421 ῦπὶ
393 1381 596 1436 μανὲραγὸ
617 1397 656 1420 ου
667 1413 679 1428 ,
698 1395 777 1422 non
789 1383 914 1430 multo
931 1382 1079 1421 melius.
1095 1381 1234 1420 Faceta
1250 1380 1312 1420 sa-

39 1436 91 1475 tis
105 1434 159 1475 est
172 1435 354 1475 sententia
369 1435 557 1476 verfionis
604 1436 713 1475 rasmi
725 1467 736 1483 ‚
757 1437 826 1489 qui
844 1437 1135 1488 mandragoram
1148 1434 1308 1475 herbam

38 1489 211 1530 laetucae
223 1502 304 1529 non
324 1489 554 1539 absimilem,
575 1502 618 1530 ut
636 1503 684 1529 ex
699 1489 967 1542 Theophrasto
983 1491 1022 1529 δι
1043 1489 1164 1528 Plinio
1180 1499 1305 1541 patet,

42 1543 84 1583 in
97 1543 275 1584 arborem
288 1575 301 1590 ‚
320 1544 500 1583 umbram
514 1544 790 1583 dormientibus
801 1543 1006 1585 facientem
1019 1575 1030 1591 ‚
1050 1542 1310 1582 transformat.

43 1596 162 1638 Certe
175 1610 256 1638 non
269 1598 319 1638 ita
332 1596 475 1651 scripsit
485 1629 496 1646 ‚
520 1611 602 1637 non
621 1598 672 1636 ita
686 1597 870 1638 intellexit
885 1599 1087 1637 Lucianus.
1102 1597 1204 1648 Lege
1218 1610 1310 1637 meo

41 1651 218 1704 periculo
233 1652 310 1690 ἀπὸ
331 1651 620 1705 praedm-yona),
639 1652 674 1690 id
689 1651 743 1691 est
755 1682 764 1697 ‚
782 1653 857 1705 post
869 1656 1124 1703 mandragoram
1137 1651 1310 1701 summm,

41 1705 127 1752 vel,
145 1708 219 1759 post
230 1708 472 1757 mandragorae
481 1707 661 1759 potionem.
678 1705 739 1745 Sic
753 1706 794 1746 &
808 1706 856 1744 ad
870 1707 1032 1745 eundem
1050 1703 1194 1745 sensum
1212 1704 1312 1744 infra

39 1758 80 1800 in
93 1758 296 1800 Demosth.
312 1759 474 1800 Encom.
493 1756 560 1799 οἷον
575 1760 616 1799 ἐν,
629 1759 813 1812 μκνὸρωγ
821 1759 894 1810 ὅρου
910 1758 1178 1805 monsone,
1192 1758 1228 1797 id
1243 1758 1313 1807 est,

43 1830 67 1853 a
80 1817 323 1866 mandragorae
335 1825 421 1866 potu
435 1815 500 1853 vel
522 1814 589 1865 esu.
613 1813 676 1853 Sic
698 1814 814 1853 etiam
834 1814 1050 1867 loquuntur
1071 1813 1312 1852 medicorum

43 1867 138 1914 filii,
156 1868 236 1907 ἀπὸ
254 1866 485 1918 πλησμονῆς,
502 1868 580 1908 ἀπὸ
599 1869 822 1919 φαρμάκου,
842 1868 878 1906 id
901 1867 974 1916 est,
985 1868 1100 1921 statim
1113 1869 1186 1920 post
1208 1867 1313 1918 reple-

42 1922 186 1968 tionem,
196 1922 313 1974 statim
318 1924 397 1988 post
411 1923 589 1973 pharmaci
605 1923 784 1974 potionem.
802 1921 1100 1973 Mandragoram
1116 1933 1212 1959 vero
1234 1919 1309 1959 effe

41 1977 261 2028 ναρκωτιιὼν
275 1989 485 2028 φαρμακον,
501 1975 539 2014 δι
555 1975 732 2015 somnum
750 1975 943 2021 inducere,
956 1987 1093 2014 notum
1110 1974 1162 2013 est
1175 1973 1313 2027 vulgo.

43 2028 180 2069 PALM.
193 2029 342 2069 Viderit
354 2029 563 2069 Palmerius
575 2030 612 2068 in
625 2028 784 2068 Erasmo
797 2028 941 2082 lapsum
950 2043 962 2077 ;
979 2027 1040 2068 sed
1062 2042 1109 2067 an
1131 2041 1211 2067 non
1234 2041 1314 2066 ma-

40 2083 127 2124 iore
145 2083 360 2136 ignorantia
379 2082 455 2136 ipse
478 2084 635 2136 corrigit
653 2083 757 2123 ἀπὸἓ
776 2083 839 2122 An
859 2095 939 2122 non
958 2083 1093 2121 millies
1113 2079 1186 2122 ὑπὸ
1209 2082 1311 2134 apud

44 2136 255 2177 Lucianum
278 2148 388 2178 notat
404 2135 554 2176 causam
577 2138 822 2177 efficientem:
846 2148 967 2189 utque
981 2136 1077 2175 idem
1097 2135 1141 2175 s1t
1155 2134 1312 2188 prorsus

45 2191 212 2231 voculae
235 2191 339 2230 aab?
361 2191 489 2230 Vertit
503 2190 589 2230 sane
612 2190 790 2231 Erasmus
802 2189 871 2242 sub
890 2193 1133 2242 mandragora:
1155 2202 1204 2228 an
1222 2189 1314 2229 ideo

43 2244 108 2285 ille
120 2243 378 2298 adspiciendus
392 2256 472 2284 erat
486 2243 779 2284 transformator
792 2245 932 2283 herbae
946 2245 984 2282 'm
999 2244 1195 2290 arborem,
1209 2256 1310 2294 quae

46 2299 322 2339 dormientibus
342 2299 518 2338 umbram
540 2297 704 2338 faceret?
721 2297 792 2337 Sed
808 2298 948 2350 opinor
968 2296 1156 2336 scribebat
1171 2296 1312 2335 nobilis

46 2352 111 2393 ille
126 2352 260 2393 Gallus
275 2353 384 2398 haec,
403 2365 491 2392 cum
507 2365 636 2392 comes
651 2352 808 2391 Luciani
820 2352 925 2390 venit
941 2351 986 2390 ad
1000 2349 1251 2402 Ἀλεκτρὺονος
1267 2349 1314 2388 ἵει

47 2409 120 2460 pbr,
136 2407 307 2459 viditque
320 2406 392 2446 illic
409 2403 497 2446 ὅλην
511 2406 771 2451 ἀιέστηκυίοιν,
786 2400 827 2444 ἷίς
839 2404 976 2456 se‘vspoe
991 2398 1027 2445 ἦν
1036 2404 1197 2454 μήκωνες
1212 2399 1312 2452 ὑψη-

46 2459 117 2499 λαὶ
130 2460 192 2499 καὶ
202 2458 465 2512 μανὸραγέραι
476 2460 514 2498 in
527 2460 625 2498 libro
644 2474 657 2497 1
674 2461 803 2498 Verae
816 2458 946 2498 histor.
961 2459 1001 2498 ὅ(
1011 2468 1088 2496 tam
1101 2470 1193 2496 vere
1207 2469 1310 2496 nunc

43 2512 85 2559 in
97 2512 255 2556 Erasmo
274 2512 327 2554 fic
347 2513 553 2558 divinando
567 2514 725 2555 coniicit
738 2544 749 2564 2
764 2526 808 2554 ac
820 2513 870 2554 illi
883 2542 896 2561 ‚
912 2513 981 2567 qui
995 2511 1193 2556 vaticinari
1212 2510 1310 2557 1'0122
