1737 3378
310 229 412 274 IN
480 228 1005 274 TIMOINEM
1119 243 1288 291 '379

2 353 19 370 Ἰ,
19 315 217 373 perforatae
239 318 362 372 triplici
387 319 457 358 lino
475 320 750 372 εοηβνὶπρῑιηευν,
770 332 868 371 atque
885 318 1053 369 impositae
1061 318 1169 370 fitpra
1184 317 1289 356 linum

0 371 9 378 ”
26 387 127 412 cerae
140 373 513 426 fignaimprimantur:
534 374 626 412 haec
642 372 845 412 PaulusV.
859 373 959 411 Sem.
979 372 1072 411 Rec.
1087 373 1136 411 Τ
1158 372 1290 418 XXV,

37 425 54 475 §
83 426 118 464 6.
142 426 302 484 proinde
321 427 424 466 re&e
441 426 658 472 Lucianus,
676 426 804 479 primo
826 425 915 464 loco
938 425 1062 475 posuit
1086 441 1127 464 το
1144 439 1240 463 cmg
1244 439 1292 462 ιον

35 477 293 531 ἀφαιρεθῆναι,
313 491 414 531 quae
434 480 581 518 locutio
606 480 706 537 apud
727 477 928 517 Demosth.
949 478 1001 516 est
1025 480 1062 516 in
1087 479 1226 517 Phaen.
1253 493 1290 537 p.

42 545 138 584 1023
158 532 200 571 E.
214 532 336 571 altero
350 546 392 569 το
407 545 504 572 λινσν
519 531 750 581 ἑντμηθηναι,
768 532 883 570 tertio
898 531 963 569 τὴν
978 531 1024 569 ὃέ
1025 543 1110 570 mov
1124 531 1293 584 ἁνοιχΘι-

32 599 101 625 νοω.
116 585 203 624 Vid.
221 585 468 624 Kirchmann
482 586 528 624 de
542 586 643 624 Ann.
663 598 696 624 c.
711 584 809 631 VII,
829 584 894 637 qui
917 584 1046 623 Nostri
1068 585 1186 623 verba
1204 599 1292 636 pro-

32 638 149 680 duxit.
167 639 275 677 Haec
291 648 419 678 autem
433 638 541 678 scena
556 651 789 691 quamquam
805 639 844 676 in
865 650 959 690 agro
981 637 1116 677 Attico
1131 650 1294 689 agatur,

35 703 159 744 eaque
179 702 329 739 aetate,
348 704 369 730 a
392 705 468 744 qua
486 692 624 752 procul
650 690 752 730 abest
777 692 992 739 Ludanus,
1016 691 1133 729 multa
1158 691 1294 730 nihilo-

35 745 161 784 minus
173 744 421 790 intermiscet,
439 758 536 797 quae
551 746 590 784 in
612 758 759 799 pravos
772 744 827 784 sui
840 745 1026 798 temporis
1042 756 1170 783 mores
1189 756 1293 797 prae-

33 798 149 851 cipue
168 799 411 838 conveniant.
428 800 594 838 HEMST.

90 854 164 890 ead.
177 853 201 890 l.
224 867 257 906 3.
281 850 322 890 Ὁ
337 867 402 892 nox.
402 851 464 905 ος)
484 852 610 892 Placet
624 851 758 892 καινός.
776 852 917 891 BROD.

95 907 169 944 ead.
189 906 212 944 l.
235 920 271 954 4.
291 908 352 944 Ἐκ
371 905 563 945 nursinum
581 905 721 958 τίμιος)
741 905 795 945 Id.
811 905 914 945 Dial.
932 906 1050 945 Mort.
1072 905 1296 958 interpretes

27 958 202 998 *MartiaL
222 959 261 998 δι
282 958 463 998 Petronii.
477 960 649 1000 BOURD.

87 1013 160 1051 ead.
173 1013 195 1050 l.
216 1025 247 1064 5.
261 1012 355 1051 Ὕπε
340 1013 450 1064 εξυρ
426 1027 493 1051 ,ενα
486 1013 570 1066 ιος)
587 1014 650 1052 An
665 1023 707 1052 ut
726 1012 963 1064 pubertatem
978 1012 1139 1052 vixdum
1153 1012 1295 1064 ingres-

35 1064 99 1105 sus
122 1066 322 1106 videatur?
340 1067 406 1106 An
428 1072 525 1106 vero
552 1078 708 1106 notatur
727 1066 804 1105 hoc
824 1077 866 1106 ut
886 1067 1116 1107 barbarum?
1133 1067 1232 1107 Vide
1248 1072 1295 1105 A.

0 1122 11 1136 ⁸
36 1119 172 1167 Ν.,ΙΧ
191 1120 335 1160 &Ena
350 1133 384 1159 c.
403 1134 437 1172 3
452 1120 610 1159 SOLAN.

89 1175 162 1212 ead.
179 1174 203 1212 l.
219 1173 254 1213 6.
260 1172 376 1225 '‘pEZco
378 1174 432 1225 ος)
446 1175 546 1214 Vide
559 1173 662 1213 Dial.
678 1173 785 1224 Simy
790 1173 816 1212 li
832 1173 873 1212 8<
890 1173 971 1213 Pol
991 1173 1057 1213 ubi
1072 1184 1174 1212 aetas
1188 1171 1300 1211 diser-

34 1234 75 1265 te
89 1226 256 1275 additur,
274 1226 317 1265 &
335 1226 363 1266 fi
386 1228 524 1266 clarius
540 1228 657 1274 velis,
676 1226 791 1266 finem
807 1227 928 1274 Galli,
950 1227 991 1267 &
1006 1227 1092 1266 Ἱστ.
1110 1226 1157 1275 β’,
1177 1239 1211 1265 c.
1230 1225 1292 1265 28.

0 1306 3 1311 ·
36 1279 177 1318 Eadem
194 1293 278 1320 vox
291 1281 511 1320 occurrit&
527 1287 623 1320 Θυσ.
640 1295 672 1320 c.
689 1295 728 1330 7,
744 1281 785 1319 &
799 1280 921 1332 ’.Αλεξ
936 1293 969 1320 c.
982 1282 1017 1320 6.
1031 1281 1189 1319 SOLAN.

89 1337 162 1372 ead.
178 1335 200 1371 l
215 1347 252 1383 9.
271 1333 446 1384 Πυρῖίου
437 1350 454 1374 n
470 1344 582 1387 Δρσμ.
596 1335 614 1374 33
635 1334 776 1388 Τιβίου)
789 1334 982 1374 Dixerunt
997 1335 1042 1373 ad
1057 1333 1225 1373 Perfium
1240 1333 1299 1372 vi-

28 1386 68 1425 -ri
90 1386 300 1426 clariffimi:
320 1389 367 1427 de
388 1388 445 1427 his
457 1388 675 1428 nominibus
690 1388 845 1441 copiose
866 1386 1109 1440 Aristophan.
1123 1388 1298 1427 BOURD.

36 1440 209 1480 Nomina
220 1440 304 1480 terv
309 1454 443 1488 orum,
467 1456 635 1495 quorum
650 1442 827 1481 ultimum
847 1455 867 1481 a
884 1443 1040 1494 regione
1053 1440 1208 1481 dunum
1223 1440 1300 1488 est;

11 1512 13 1514 ·
35 1493 90 1533 est
109 1495 209 1533 enim
224 1496 261 1533 in
281 1494 410 1548 Phry-c,
389 1496 448 1534 oia
463 1509 574 1535 mons
591 1497 718 1534 Tibius.
734 1496 900 1534 Emenda
915 1496 1038 1535 obiter
1053 1495 1153 1548 apud
1165 1495 1299 1534 Theo-

35 1548 173 1601 phrast.
188 1549 269 1587 Eth
284 1530 410 1588 Charo
413 1565 456 1589 π.
474 1551 637 1602 ἀναισχ.
655 1573 698 1579 -
715 1564 750 1602 p.
769 1550 873 1601 3013.
891 1550 1002 1595 Τίβιε.
1018 1550 1106 1589 Vid.
1121 1549 1298 1601 Stephan.

37 1601 136 1652 Byz.
153 1602 510 1642 &Salm.P1'1n.Ex.
527 1603 941 1656 34G·&M¹05-C·25·
958 1603 1037 1641 '.A>.
1053 1616 1086 1642 c.
1101 1617 1162 1655 29.
1175 1603 1300 1655 Apri-

39 1669 76 1694 n
81 1669 106 1695 o
122 1655 164 1694 fit
178 1657 239 1709 By
230 1657 332 1694 rrlzia
347 1678 391 1685 —
405 1619 597 1705 Terentii,
615 1657 725 1697 cuius
738 1667 780 1697 ut
796 1658 837 1697 ὃ(
851 1658 1040 1695 Dromonis
1054 1656 1298 1709 etymologia

38 1709 77 1747 in
95 1710 302 1762 propatulo
322 1709 385 1750 est.
399 1711 452 1749 V.
468 1709 612 1750 Graev.
636 1711 682 1750 ad
701 1726 782 1771 νκζερι
802 1711 910 1763 ’.Ορχ
927 1711 1020 1763 §29.
1035 1710 1192 1749 SOLAN.
1216 1710 1302 1749 Ser-

37 1776 68 1802 v
70 1776 182 1802 orum
199 1764 301 1817 apud
317 1773 467 1804 veteres
479 1766 634 1804 nomina
646 1778 760 1804 varus
775 1778 823 1803 ex
839 1763 956 1804 caufis
970 1764 1101 1812 dueta,
1121 1775 1164 1803 ut
1180 1777 1301 1816 expo-

37 1827 139 1856 nunt
150 1817 331 1857 Donatus
342 1817 387 1856 ad
403 1818 558 1857 Terent.
573 1818 694 1857 Andr.
709 1819 758 1858 A.
770 1818 810 1864 Ι,
824 1818 882 1858 Sc.
900 1832 944 1871 33
962 1795 1127 1858 ubivide
1138 1818 1301 1856 Linden-

38 1869 148 1924 br.og
166 1885 201 1925 p.
216 1870 306 1925 635.
318 1871 466 1911 Hellad.
481 1872 581 1925 apud
600 1872 712 1912 Phot.
732 1887 769 1925 p.
787 1871 884 1921 870,
907 1886 945 1911 v.
970 1885 1030 1911 20.
1046 1871 1183 1911 Strabo
1197 1871 1298 1919 VH,

39 1937 78 1977 p.
98 1925 175 1974 467
190 1926 239 1964 A.
253 1938 276 1964 a
289 1925 469 1978 qualitate
485 1926 662 1986 corporis
674 1926 714 1965 &
726 1926 846 1979 specie
858 1925 1029 1973 formae,
1051 1937 1096 1965 ut
1115 1925 1302 1978 Pyrrhias,

28 1980 126 2031 >Thy
127 1980 245 2018 lacus:
265 1992 287 2018 a
308 1979 504 2027 moribus,
521 1980 701 2031 ingenio,
719 1980 949 2032 itidemque,
963 1979 1070 2032 quod
1091 1980 1228 2018 ominis
1240 1992 1301 2018 er-

40 2044 92 2084 go
111 2032 194 2072 fieri
213 2031 383 2079 solebat,
403 2032 588 2072 serviendi
606 2034 819 2086 diligentia,
843 2036 1002 2079 Dromo,
1021 2034 1194 2085 Synetus,
1212 2033 1303 2071 One-

29 2088 155 2138 fimus,
173 2088 296 2134 Molo,
311 2088 499 2126 Parmeno:
519 2087 747 2127 creberrime
762 2100 892 2126 tamen
904 2098 971 2126 aut
983 2087 1092 2126 exiis
1105 2086 1303 2140 gentibus,

0 2171 2 2196 ᾧ
43 2141 145 2179 unde
163 2153 372 2192 mangones
387 2141 647 2187 advehebant,
666 2151 729 2188 ut,
749 2142 891 2187 Thrax,
908 2142 1041 2194 Syrus,
1064 2143 1210 2186 Davus,
1235 2142 1302 2179 Ca-

0 2201 1 2207 *
39 2194 140 2240 tion,
162 2194 438 2247 Get1,Plzryx‚
462 2195 605 2241 Lydus:
627 2171 785 2233 Λυέἐς
770 2211 786 2232 ο
803 2195 1042 2246 Φερεκλέους,
1060 2194 1193 2246 Lydus
1210 2193 1305 2232 Phe-

40 2224 155 2286 reclis
170 2246 302 2287 servus
319 2247 419 2300 apud
436 2242 624 2287 Andocid.
645 2248 691 2287 de
704 2247 866 2299 Myster.
884 2261 921 2300 p.
946 2263 984 2300 3,
995 2261 1035 2286 v.
1052 2261 1114 2300 23.
1128 2259 1196 2286 aut
1212 2247 1304 2286 talia

39 2312 143 2341 certe
155 2301 394 2347 indebanmr,
412 2314 515 2353 quae
533 2315 651 2353 penes
666 2315 729 2341 eas
746 2313 875 2354 gentes
888 2314 960 2354 pro
976 2301 1200 2340 nominibus
1211 2313 1303 2352 pro—

38 2355 131 2409 priis
145 2355 351 2407 plurimum
365 2354 483 2394 effent
495 2356 647 2401 usitata,
660 2359 800 2403 Manes,
812 2356 948 2393 Midas.
963 2355 1027 2393 Ad
1040 2355 1177 2393 horum
1193 2354 1304 2393 alter-

43 2419 172 2447 utrum
194 2409 312 2448 Tibius
326 2421 485 2470 quoque
499 2408 629 2448 referri
642 2410 766 2456 debet,
781 2408 955 2448 nonnihil
966 2409 1070 2448 enim
1083 2408 1176 2447 hac
1168 2421 1207 2446 m
1219 2421 1304 2459 par-

44 2471 83 2501 te
97 2461 300 2502 discedunt.
329 2463 425 2502 Aliis
440 2463 661 2502 tantundem
677 2462 743 2511 est,
762 2476 806 2502 ac
821 2463 964 2515 Phryx:
985 2474 1072 2500 nam
1086 2473 1169 2500 tota
1184 2461 1305 2512 Phry-

34 2516 125 2570 gia,
144 2514 173 2554 fi
193 2516 327 2557 Suidae
350 2515 441 2556 fides
465 2516 632 2565 constat,
659 2515 756 2556 dieta
780 2517 976 2570 quondam
997 2516 1115 2555 Tibia:
1134 2476 1287 2556 sumsity
1281 2528 1302 2554 a
