1737 3378
365 199 458 257 264
572 181 1441 239 ANNOTATIONE'S

364 282 647 323 munimentum
677 279 721 318 ad
749 278 985 320 coercendos
1017 279 1135 318 animi
1166 278 1325 319 affeftus
1353 279 1394 319 &
1427 279 1640 320 domandos

365 344 647 386 comparatum.
670 333 782 374 Hanc
794 333 874 372 vim
889 333 926 371 in
940 332 1188 385 ἐπιτειχίζειν
1208 332 1438 386 posuerunt:
1458 332 1640 386 frequens

364 386 419 426 est
438 387 685 439 ἐπιτειχίζειν
701 385 861 426 Ἀθηναῖς
880 385 944 427 vel
956 385 1036 424 τοῖς
1050 386 1249 426 Ἀθηναίοις
1270 387 1494 432 Δεκέλειαν,
1511 388 1552 427 &
1567 399 1644 426 no·

364 449 448 478 tum
467 452 488 479 e
505 440 737 492 Thucydide
759 439 840 488 VI,
858 455 904 494 93
918 470 931 487 ,
951 438 1051 486 VII,
1078 439 1135 478 18.
1154 440 1243 479 vide
1261 440 1419 479 Lucian.
1445 440 1583 480 Amor.
1606 453 1643 480 c.

367 507 432 541 24.
451 494 552 533 unde
580 494 743 547 figuram
765 495 975 547 elegantem
1005 494 1119 532 traxit
1143 492 1277 544 Synes.
1301 494 1370 546 Ep.
1393 508 1468 545 79,
1491 508 1525 546 p.
1564 505 1639 545 225

366 546 421 587 D.
443 547 717 600 imperitiffime
736 549 889 602 quidem
913 561 934 587 a
957 547 1118 587 Petavio
1141 546 1288 586 versam
1302 579 1313 594 ‚
1339 546 1398 586 sed
1413 545 1643 587 Scholiastae

366 601 508 640 veteris
527 614 602 655 ope
618 603 755 642 melius
774 602 809 641 in
829 602 942 642 Notis
957 601 1198 654 explicatam.
1217 600 1341 640 Strab.
1358 601 1413 648 V,
1436 615 1473 654 p.
1499 599 1572 654 328
1590 601 1640 640 A.

367 655 523 694 Arrian.
552 662 608 695 Αν.
631 657 706 694 Ἀλ.
728 656 805 702 IV,
822 669 853 695 c.
876 669 940 704 27,
955 655 994 694 δι
1014 655 1104 694 alibi
1123 654 1269 708 saepius
1283 655 1322 693 in
1339 667 1522 707 utroque.
1542 654 1646 694 Hinc

367 707 631 759 ἐπιτείχισμα
653 709 844 749 castellum
861 709 923 748 vel
944 708 1227 748 munimentum
1248 721 1369 762 prope
1382 707 1492 747 aliam
1505 707 1644 748 urbem

368 761 628 810 exstruetum,
653 775 696 803 ut
721 777 806 802 eam
841 761 1019 802 inclusam
1049 762 1246 810 obfideas,
1277 761 1505 814 vicinosque
1531 773 1647 813 agros
1704 764 1709 767 ’

336 834 340 838 ·
369 817 606 869 quotidianis
626 817 915 857 excursionibus
936 815 1204 868 depopuleris:
1226 829 1342 868 quam
1358 817 1541 855 virtutem
1560 814 1648 855 satis

370 869 625 922 explanarunt
648 871 774 910 Schol.
808 870 992 921 Thucyd.
1020 870 1066 908 ad
1092 868 1134 917 Ι,
1163 883 1260 915 122,
1288 869 1565 922 ἐπιτειχισμὸς
1593 868 1647 920 τῇ

410 925 506 976 ὥρα,
526 924 568 963 &
589 938 672 972 142.
694 926 886 978 Harpocr.
909 923 949 962 &
967 923 1070 962 Suid.
1089 924 1125 962 in
1140 937 1181 961 v.
1206 923 1355 975 Ulpian.
1376 923 1422 962 ad
1443 921 1647 962 Demossh.

403 978 465 1015 hil.
487 977 529 1023 Ι,
552 991 589 1030 p.
613 978 663 1028 48
685 979 729 1018 B.
761 979 826 1017 ubi
854 977 1055 1030 legendum
1085 975 1223 1017 censeo
1246 976 1568 1028 ἐπιτειχίσματα
1598 975 1647 1026 ⁷23

371 1027 492 1070 αὐτοῦ
517 1032 651 1083 χώρα,
673 1032 713 1071 &
742 1031 887 1072 Acceff.
909 1044 930 1070 e
953 1031 1085 1070 Lutec.
1106 1029 1205 1069 Cod.
1231 1043 1267 1081 p.
1298 1033 1421 1076 1161,
1447 1030 1561 1079 1167.
1588 1029 1648 1069 lo-

372 1097 460 1130 cus,
487 1098 605 1137 quem
630 1085 830 1138 proferunt
852 1099 873 1126 e
899 1084 1174 1124 Demosthenis
1196 1082 1306 1123 Orat.
1330 1097 1401 1136 pro
1416 1082 1648 1136 Ctefiplion·

373 1148 433 1186 te,
455 1138 576 1178 exstat
597 1154 632 1193 p.
651 1139 727 1188 486
749 1139 791 1179 F.
813 1139 1008 1192 Philippus
1031 1138 1189 1178 Euboea
1210 1136 1387 1189 expulsus
1408 1133 1524 1190 ἕτερον
1541 1139 1649 1176 κατὰ,

372 1190 442 1232 τιῗς
460 1191 608 1232 πόλεως
626 1193 896 1246 ἐπιτειχισμὸν
917 1191 1049 1244 ἐζήτει·
1074 1191 1294 1245 (quomodo
1317 1191 1467 1241 Philoni
1488 1205 1522 1243 p.
1549 1203 1562 1228 1
1576 1204 1648 1240 ¹14

374 1245 423 1285 C.
451 1245 728 1299 ἐπιτειχισμὸς
749 1247 793 1286 ἓὲ
817 1249 926 1286 κατα
947 1245 1017 1286 τῆς
1039 1244 1174 1299 ’ψυχῆς
1197 1244 1310 1298 βαρὺς
1334 1240 1440 1284 οὗτός
1460 1244 1584 1299 ἐστι·)
1607 1245 1650 1284 δι

377 1313 412 1353 p.
430 1298 505 1352 483
529 1299 571 1339 F.
591 1301 606 1339 ὁ
627 1301 694 1341 τὴν
713 1300 862 1346 Εὔβοιαν
885 1301 959 1339 &e
980 1300 1279 1351 κατασκευάζων
1303 1298 1566 1352 ἐπιτείχισμα
1582 1298 1649 1338 ἐπὶ

375 1352 444 1392 τὴν
472 1353 662 1393 Ἀττικήν.
687 1353 857 1406 Dionys.
889 1354 1010 1394 Halic.
1037 1354 1086 1393 A.
1109 1353 1159 1393 R.
1179 1353 1220 1401 Ι,
1244 1366 1279 1406 p.
1304 1354 1373 1399 16,
1399 1352 1558 1405 φρούριον
1584 1351 1650 1391 καὶ

375 1406 641 1460 ἐπιτείχισμα
665 1411 768 1447 κατὰ
788 1407 858 1448 τῶν
878 1407 1089 1458 Ὀμβρίκων·
1116 1420 1230 1460 quam
1252 1405 1462 1450 struClurae
1481 1404 1651 1445 formam

377 1460 439 1499 hic
459 1462 610 1512 quidem
633 1460 840 1516 saepissime
861 1461 1044 1515 sequitur.
1065 1461 1170 1501 Hinc
1193 1460 1300 1500 facile
1317 1459 1370 1500 est
1393 1459 1540 1512 antiqui
1560 1458 1650 1499 scri-

376 1515 500 1566 ptoris
527 1513 686 1563 locum,
716 1517 784 1569 qui
811 1525 889 1554 tam
921 1508 1129 1554 salebrosus
1157 1513 1323 1564 Kustero
1350 1513 1422 1553 fuit
1452 1511 1575 1561 visus,
1603 1523 1650 1554 ut

376 1567 596 1608 versionem
617 1568 803 1624 ogniserit,
819 1569 1020 1609 emendare
1039 1569 1141 1621 apud
1165 1568 1266 1608 Suid.
1281 1569 1319 1607 in
1340 1563 1578 1619 Κατακωχίι·
1596 1567 1652 1607 ’E-

377 1622 623 1675 πιτει’χ,’σμα
638 1625 674 1661 ι”ιν
691 1627 782 1675 πρὶς
807 1622 1044 1676 κατακωχὴν
1068 1621 1131 1661 *tiis
1155 1623 1315 1675 χώρας,
1337 1634 1418 1662 non
1440 1619 1505 1662 τιῖς
1533 1619 1650 1673 ὥρας,

378 1679 486 1728 quod
500 1677 637 1716 editur.
651 1676 688 1716 Is
703 1678 741 1716 in
762 1677 836 1717 hoc
853 1677 976 1716 verbo
996 1676 1214 1729 multiplicis
1233 1675 1273 1715 δι
1292 1676 1507 1715 concinnae
1527 1685 1652 1714 trans·-

377 1729 531 1770 lationis
545 1730 598 1769 est
613 1729 722 1771 fons:
743 1730 944 1771 Demosth.
960 1731 1052 1771 Phil.
1071 1730 1142 1777 IV,
1164 1745 1197 1784 p.
1222 1744 1272 1783 97
1287 1729 1331 1769 B.
1349 1728 1549 1781 τυραννίὸα
1569 1728 1650 1768 ἁπ-

378 1784 532 1837 αντικρὺ
556 1783 621 1825 τῆς
646 1784 820 1827 Ἀττικῆς
844 1785 1086 1837 ἐπετείχισεν
1112 1780 1196 1835 ὑμῖν
1223 1785 1256 1824 ἐν
1280 1782 1328 1831 τζῗ
1342 1780 1485 1832 Εὐβοίᾳ·
1505 1782 1650 1836 placuit

378 1839 549 1891 inprimis
564 1838 710 1879 Philoni
728 1839 805 1878 lud.
822 1839 867 1878 de
881 1839 939 1878 Pr.
954 1840 992 1879 δι
1008 1839 1125 1879 Poen.
1145 1852 1176 1892 p.
1199 1852 1276 1892 919
1295 1837 1346 1876 D.
1373 1840 1414 1876 τὸ
1433 1835 1500 1877 τῆς
1515 1834 1653 1890 ’ψυχῆς

380 1893 521 1945 ἄλογον
534 1892 640 1945 μέρος
660 1893 953 1947 ἐπιτετειχικὼς
977 1893 1031 1943 τῷ
1055 1892 1207 1946 λογικῷ.
1231 1906 1264 1944 p.
1293 1905 1365 1944 921
1398 1890 1446 1930 A.
1483 1903 1582 1943 1049
1605 1889 1654 1930 C.

381 1946 423 1985 &
441 1947 591 1985 variata
605 1946 812 1993 struRura,
831 1946 1150 2000 ἐπιτειχίσαντες
1174 1948 1246 1984 τὰς
1263 1943 1420 1995 deusd}
1435 1943 1556 1996 Σόξας
1579 1958 1653 1983 κα-

380 2001 436 2039 -rea
454 1999 521 2039 τιῐς
545 2001 721 2040 αλιιθειας
737 2016 774 2055 p.
794 2001 871 2049 814
891 2000 935 2040 C.
955 2014 1029 2052 945
1054 2001 1092 2040 E.
1119 2011 1159 2040 ut
1181 2000 1251 2038 alia
1275 1999 1395 2038 multa
1420 1998 1654 2051 praetermit-
1707 2006 1725 2039 .·'·

381 2062 484 2102 tam,
506 2055 543 2093 in
564 2068 731 2107 quorum
755 2054 930 2094 verfione
946 2055 1218 2107 saepenumero
1233 2052 1284 2093 est
1305 2064 1519 2107 peccatum.
1548 2052 1653 2092 Sext.

381 2107 528 2161 Empir.
549 2109 604 2154 V,
624 2109 640 2159 §
665 2124 708 2155 2,
729 2109 991 2160 ἐπηρεάζοντες
1011 2108 1065 2156 τῷ
1087 2110 1172 2157 βίῳ,
1192 2107 1370 2160 μεγάλην
1399 2105 1437 2145 5⁰
1458 2103 1543 2155 ἧμῖν
1567 2105 1652 2150 ἐπι-

326 2177 330 2183 f
383 2162 619 2214 τειχίζοντες
639 2162 954 2213 ὃεισιέαιμονιαν·
979 2161 1123 2201 sensum
1153 2161 1294 2200 evertit
1321 2161 1531 2213 interpres,
1554 2160 1589 2198 ‹5›
1615 2160 1652 2200 ia

383 2217 479 2254 nobis
502 2229 659 2267 magnam
684 2219 847 2270 struentes
869 2217 1143 2270 superstitionem.
1165 2216 1234 2255 His
1258 2215 1295 2253 in
1327 2214 1509 2266 exemplis
1534 2212 1654 2253 rebus

382 2279 557 2319 aptatur:
580 2283 659 2309 non
678 2271 802 2309 minus
822 2271 1012 2324 eleganter
1035 2271 1205 2323 personis
1226 2269 1377 2321 adiungi
1404 2267 1509 2307 solet.
1530 2267 1649 2319 Apud

383 2321 557 2362 Philostr.
574 2323 611 2362 in
628 2325 721 2364 Her.
740 2339 776 2378 p.
795 2339 871 2371 710
883 2356 894 2374 ,
916 2324 1072 2376 Ulysses
1087 2337 1106 2363 a
1124 2322 1318 2362 Palamede
1337 2322 1534 2375 superatus
1555 2320 1652 2360 ἑπε-

385 2376 557 2428 τείχιζεν
573 2375 676 2427 αὐτῷ
696 2382 755 2418 τ“ον
772 2381 839 2430 'A'y
849 2380 1048 2429 αμέμνονα.
1067 2378 1207 2417 Brutus
1221 2376 1396 2416 Antonio
1414 2387 1571 2428 parcens
1589 2374 1652 2413 αι’-

385 2429 470 2468 τίοιν
493 2428 608 2484 ἔσχεν
635 2431 875 2485 ἐπιτειχίσαι
898 2430 941 2480 τῇ
967 2431 1180 2481 συνωμοσία
1206 2430 1316 2481 βαρὺν
1341 2429 1403 2467 καὶ
1430 2427 1646 2479 Σύσμαχον

384 2483 571 2537 πολέμιον·
598 2484 788 2528 Plutarch.
816 2486 854 2527 in
879 2486 989 2528 Brut.
1015 2485 1185 2526 'unitatur
1212 2482 1342 2525 lfidor.
1367 2481 1489 2524 Peius.
1517 2481 1552 2522 ΙΙ
1575 2482 1648 2537 Ep.
