1737 3378
136 270 666 346 'SCRIPTISQUE
696 273 1038 320 LUCIANI.
1102 285 1258 320 xxxv

73 382 296 430 Narratur
320 384 378 428 de
398 399 452 427 eo
467 416 479 437 ‚
501 399 609 427 cum
629 380 926 425 Athenienses
943 399 1151 441 pugnam
1174 385 1266 447 gla-

15 448 261 494 diatoriam
281 449 453 492 vellent
471 446 706 489 instituere
720 478 733 498 ⁷
758 460 817 487 ne
838 444 1086 491 Corinthiis
1110 449 1190 493 hac
1217 450 1267 493 in

17 531 66 559 re
90 514 352 573 quidquam
377 510 597 554 cederent
614 542 626 563 ‚
657 508 809 567 ipsum
837 524 911 552 eos
941 512 1193 567 monuisse,
1221 525 1267 557 ut

17 591 119 624 ante
150 594 271 639 quam
300 576 374 619 hoc
401 585 600 633 agerent,
633 588 774 618 aram,
809 589 932 631 quam
962 574 1268 633 misericordiae

16 641 338 702 consecraffent,
358 638 622 698 dcssrzcerent.
650 634 710 698 (c.
732 636 830 696 57.)
864 637 1084 695 Cumque
1111 639 1267 698 Impe-

18 719 143 750 rator
161 720 218 749 ex
243 720 297 749 eo
323 703 481 760 quaeri
502 698 678 745 iussiffet
696 733 708 754 7
736 715 966 758 quaenam
986 702 1163 760 optime
1184 720 1269 764 gu-

20 768 243 816 bernandi
272 767 386 810 ratio
415 763 547 820 esset,
574 764 836 823 respondit,
857 781 996 826 pauca
1028 766 1158 826 loqui,
1190 785 1268 810 au-

21 835 110 879 dire
133 833 293 877 multa,
321 832 362 874 dr
379 846 591 890 nunquam
610 828 744 887 irasci.
772 828 916 872 Nullo
935 828 1035 873 casu
1055 845 1270 874 commo-

20 897 238 951 vebatur,
271 906 596 954 praeterquam
626 892 799 936 morbis
832 908 882 936 ac
914 904 1066 936 morte
1098 895 1272 938 amico-

20 978 151 1016 rum,
174 975 273 1004 non
297 958 442 1002 maius
458 958 644 1001 bonum
662 957 712 999 in
724 956 817 1001 vita
835 958 1102 1018 agnoscens,
1124 974 1271 1016 quam

21 1025 283 1071 amicitiam.
308 1024 371 1082 (c.
407 1023 498 1081 io.)

97 1089 408 1149 Optaremus,
439 1086 589 1147 pergit
618 1085 776 1140 idem,
807 1086 881 1129 hic
913 1102 1117 1130 enarrare
1145 1086 1273 1146 posse

23 1155 267 1213 complura
289 1150 515 1206 iucunda,
540 1166 660 1208 quae
689 1150 980 1205 acciderunt,
1011 1150 1050 1194 ἃ·
1069 1151 1127 1194 ad
1153 1152 1276 1195 bene

26 1216 357 1263 instituendam
370 1216 511 1258 vitam
525 1214 676 1268 utilia,
691 1230 810 1273 quae
824 1214 1053 1259 Lucianus
1070 1216 1154 1258 suis
1169 1228 1273 1274 ope-

27 1284 153 1328 ribus
177 1280 402 1325 immiscet
418 1313 430 1333 7
453 1278 492 1322 Sc
517 1278 723 1337 inprimis
749 1278 971 1333 historias,
994 1296 1113 1338 quae
1139 1279 1278 1339 ipfius

26 1360 243 1406 tempore
269 1344 530 1405 contigere,
557 1343 763 1401 quasque
788 1343 836 1386 in
856 1342 1038 1405 dialogo
1063 1344 1121 1387 de
1148 1344 1277 1387 Ami-

29 1412 135 1458 citia
169 1419 532 1455 commemorat3
569 1406 648 1450 sed
672 1408 760 1450 hoc
797 1407 854 1451 ab
882 1408 1089 1452 instituto
1122 1409 1277 1451 nostro

27 1475 212 1539 longius
233 1490 317 1518 nos
345 1471 608 1516 abduceret.
643 1472 698 1514 In
718 1472 920 1530 quadam
949 1473 1115 1516 harum
1142 1472 1280 1515 histo-

31 1543 203 1588 riarum
231 1539 249 1598 (
268 1537 374 1581 Tox.
394 1552 429 1580 c.
450 1538 553 1595 39.)
574 1536 785 1594 loquitur
804 1535 861 1579 de
878 1537 1008 1580 variis
1024 1537 1154 1580 bellis
1173 1536 1283 1597 Scy-

32 1609 220 1651 tharum
236 1602 295 1646 ad
309 1602 505 1645 Tanaim
523 1601 851 1655 habitantium,
877 1600 1088 1645 adversus
1107 1613 1284 1645 ceteros

33 1666 388 1730 Septemtrionis
415 1665 628 1709 barbaros
644 1699 657 1720 ,
682 1665 885 1709 maxime
909 1677 1069 1709 contra
1093 1665 1284 1724 Boipori

34 1736 237 1788 accolas,
267 1746 476 1790 quorum
505 1729 747 1773 Leucanor
775 1744 824 1772 ac
851 1729 1021 1773 deinde
1058 1730 1288 1773 Eubiotus

36 1800 174 1844 frater
193 1796 365 1841 nothus
389 1810 444 1837 eo
470 1804 682 1853 tempore
703 1809 828 1855 reges
848 1804 987 1838 erant.
1004 1793 1134 1851 (ΤΟΥ.
1153 1809 1189 1837 c.
1207 1811 1288 1850 44,

41 1881 66 1921 5
80 1879 94 1906 1
114 1862 154 1907 8c
170 1863 261 1921 54.)
287 1859 530 1903 Leucanor
546 1857 696 1902 forsan
710 1857 972 1902 successerat
988 1858 1291 1902 Rhoemetal-

41 1929 108 1984 ci,
136 1926 221 1986 qui
253 1935 346 1969 erat
373 1938 455 1966 rex
478 1922 694 1982 Bospori,
721 1933 932 1981 tempore
952 1921 1194 1966 Antonini.
1219 1921 1292 1980 (T

41 1996 145 2037 Ant.
170 2008 212 2035 v.
232 2005 278 2049 p.
303 1987 559 2032 «20.Lucz·an.
595 1986 755 2030 Pseud.
787 2002 823 2030 c.
844 1989 935 2046 57)
970 1987 1117 2030 Naves
1133 2021 1145 2042 ,
1171 2002 1295 2045 quae

39 2056 306 2102 Lucianum
332 2053 642 2106 iervaverant,
668 2063 721 2096 ut
754 2067 870 2095 mox
894 2050 1184 2106 videbimus,
1214 2067 1298 2095 ve-

43 2121 222 2166 hebant
254 2120 426 2179 legatos
459 2116 703 2175 Eupatoris
736 2115 942 2160 eiusdem
978 2127 1122 2159 terrae
1153 2116 1298 2177 regis,

45 2201 170 2244 quae
186 2184 235 2227 in
249 2181 518 2241 Bithyniam
534 2179 941 2240 proficiscebantur
958 2180 1016 2223 ad
1030 2180 1300 2224 solvendam

47 2249 300 2311 pecuniam
333 2245 583 2304 quotannis
610 2262 635 2287 a
658 2246 700 2288 ie
725 2244 958 2299 debitam,
996 2256 1076 2289 aut
1099 2244 1158 2288 ad
1186 2245 1304 2288 acci*

49 2313 272 2374 piendam
291 2327 393 2354 earn
410 2343 422 2364 ⁷
444 2326 587 2368 quam
606 2309 804 2353 Romani
821 2311 900 2368 ipsi
919 2310 1177 2354 solvebant:
1203 2325 1304 2355 ver-

51 2379 113 2423 ba
135 2377 261 2422 enim
289 2372 482 2419 auctoris
511 2375 572 2416 ἐπὶ
591 2375 753 2428 κομιδῇ,
791 2372 915 2419 dicsto
943 2390 980 2418 c.
1009 2388 1061 2431 57
1092 2375 1306 2434 Pseudom.

58 2442 160 2502 {sed
184 2443 343 2485 locum
372 2439 638 2500 diligentius
666 2439 950 2484 examinanti
978 2439 1182 2500 patebit,
1210 2452 1312 2482 non

57 2507 111 2550 in
146 2516 398 2563 utramque
438 2515 618 2564 partem
655 2504 799 2563 accipi
830 2503 955 2564 posse
987 2506 1097 2548 haec
1131 2501 1313 2564 verba]

55 2581 319 2628 utrumque
347 2568 528 2615 senium
558 2567 826 2613 admittunt.
854 2570 1085 2613 Eubiotus
1111 2569 1159 2612 in
1187 2568 1315 2611 bello

980 2651 1003 2677 c
1043 2649 1064 2679 2
