1737 3378
315 218 419 264 IN
483 217 1014 266 TIMONEM.
1210 236 1296 283 333

0 314 20 338 ’-
44 314 177 346 autem
192 303 258 357 ipsi
272 318 352 344 non
370 306 674 355 concedendum,
695 306 798 359 quod
814 307 852 344 in
865 306 1064 346 Demosth.
1086 305 1244 346 Encom.
1262 306 1308 346 st.

45 358 185 399 militer
200 360 241 397 ἐκ
252 359 520 411 μανέριιγόρου
536 360 706 412 accipiat.
726 361 848 398 Miror
864 360 1027 398 Fabrum
1039 390 1049 407 ‚
1064 361 1129 412 qui
1150 361 1305 406 dederit,

0 442 1 446 =
47 414 152 453 veluti
168 414 235 464 sith
264 414 496 465 mandragoris
518 415 702 459 recubans,
719 412 824 465 quasi
851 425 931 451 non
956 412 1131 451 arborem
1151 415 1305 465 quidem

46 466 342 518 mandragoram
359 466 578 518 cogitasset,
598 465 658 504 sed
674 465 807 504 Iovem
828 465 1103 517 mandragorae
1122 465 1244 513 foliis,
1263 482 1306 508 ut

0 525 1 540 ¹
45 519 220 572 rosarum
236 519 422 558 delicatuli
436 518 620 564 solebant,
639 518 873 563 conreflum,
886 532 1053 570 quorum
1072 521 1150 558 vim
1167 520 1308 560 somni-

13 606 16 609 .
46 572 158 613 ficam
173 573 311 611 intimis
325 573 471 624 penitus
483 573 653 611 medullis
665 572 837 611 hauserit.
851 572 987 624 Neque
999 573 1202 612 admodum
1218 588 1309 626 pro.

48 627 103 667 bo
117 625 302 678 Stephani
311 641 393 678 prae
409 629 634 676 mandragora
644 655 657 670 ,
677 625 764 670 vel,
784 641 865 675 prae
879 627 980 664 nimio
995 628 1235 676 mandragorae
1245 644 1307 679 po.

49 692 107 718 tu.-
123 679 260 718 reatus
271 680 352 718 vim
363 679 572 718 locutionis
583 677 770 730 perspexit
783 677 810 717 Ι.
823 679 974 718 Tollius
985 679 1021 716 in
1033 679 1068 717 N
1072 680 1188 718 otulis
1200 680 1307 720 Ron-

48 733 138 773 delii
150 732 495 785 -ExpofitioniVet.
509 732 610 784 Signi
625 731 799 771 subieffis
819 746 854 784 p.
882 746 978 785 294,
995 745 1016 770 a
1036 734 1146 771 cuius
1161 732 1308 773 senten-

48 789 102 826 tia
115 799 194 825 non
212 786 397 838 discrepat
412 786 442 824 Ι.
459 785 703 825 Gronovius.
722 786 819 824 Sane
840 785 1027 825 καθεύδειν
1044 782 1114 825 ὑπὸ
1132 787 1308 839 ramspa-

49 840 164 903 prov
180 852 261 879 non
275 840 380 878 aliter
400 840 535 878 dicitur
546 870 558 886 ‚
577 851 621 878 ac
633 838 972 892 frequentiffimum
988 839 1099 887 illud,
1114 840 1309 880 ἀποθανεῖν

35 893 126 934 Υτιεί-ι’)
145 908 252 933 τινος.
270 893 363 932 Eam
383 894 436 932 ob
451 892 598 932 causam
617 891 700 931 fieri
716 894 877 932 omnino
891 907 968 932 non
983 893 1127 945 potest,
1144 895 1240 946 quin
1256 894 1310 934 se-

50 949 219 988 cundum
249 947 373 986 casum
399 959 689 1000 praeponamus.
724 947 903 1000 Stephani
930 944 1002 984 ὑπὸ
1031 947 1281 1000 μανεῐῖριιγὸρα
1295 979 1307 996 ,

51 1002 184 1040 demto
203 1016 238 1047 t,
258 1000 478 1040 Florentina
497 1000 645 1053 liquido
669 1000 851 1052 praefert:
872 1001 906 1039 id
931 1000 1128 1053 sequentes
1148 1002 1310 1042 editores

51 1055 230 1095 videntur
245 1054 454 1094 immutass'e
469 1067 541 1105 pro
554 1053 623 1093 suo
634 1053 794 1106 quisque
807 1065 943 1106 captu,
963 1055 1026 1093 hic
1039 1055 1074 1093 in
1086 1055 1309 1109 μανᾶριιγό-

50 1124 117 1162 pq„
137 1109 242 1162 quod
260 1110 334 1147 iam
351 1109 387 1147 in
402 1119 566 1160 utraque
580 1109 734 1147 Veneta
747 1109 788 1147 &
801 1108 939 1147 Aldina
960 1108 1080 1161 prima
1100 1111 1284 1160 reperitur
1296 1140 1311 1156 ,

51 1164 148 1202 alius
164 1164 203 1201 in
217 1162 490 1215 μανδραγόραν·
507 1175 632 1214 neque
645 1161 829 1208 diffiteor,
851 1174 936 1200 eam
958 1162 1030 1201 effe
1044 1161 1207 1201 formam
1223 1164 1310 1202 lon-

52 1230 103 1269 ge
126 1215 421 1262 ufitat-iffimam‚
448 1214 498 1254 fic
523 1227 566 1254 ut
589 1215 742 1258 alterius
768 1215 984 1268 exemplum
1011 1215 1132 1255 adhuc
1157 1217 1249 1255 mihi
1271 1218 1309 1255 in

50 1281 209 1323 promtu
231 1269 274 1309 stt
288 1270 457 1309 nullum:
476 1281 556 1307 non
574 1280 700 1308 tamen
721 1270 862 1308 idcirco
882 1270 1086 1321 spernenda
1108 1270 1310 1310 videbatur

19 1354 21 1356 -
51 1325 233 1377 principis
246 1324 425 1363 editionis
437 1322 643 1362 auaorttas
654 1353 666 1368 ,
683 1322 902 1376 praesertim
916 1336 1002 1361 cum
1019 1322 1059 1360 &
1075 1323 1285 1375 Stephanus
1296 1354 1310 1370 ‚

51 1379 154 1418 haud
170 1391 335 1430 parvum
359 1377 398 1415 in
415 1378 490 1416 hoc
504 1376 695 1416 literarum
717 1389 856 1430 genere
877 1387 1115 1416 momentum
1128 1407 1141 1423 ‚
1155 1379 1310 1417 accede-

52 1443 132 1480 ret,
154 1432 195 1470 &
209 1431 386 1484 analogia
399 1430 589 1470 formandi
603 1444 669 1482 par
683 1431 720 1468 in
738 1430 866 1469 multis
888 1431 970 1469 aliis
992 1444 1230 1483 nequaquam
1253 1445 1310 1471 re-

53 1484 274 1538 fragaretur.
299 1485 363 1524 De
378 1484 652 1536 mandragorae
676 1485 819 1524 virtute
839 1483 1050 1536 soporifera
1074 1485 1309 1537 complures:

55 1540 185 1580 Seren.
201 1540 356 1579 Samon.
374 1541 449 1577 Nec
465 1554 532 1577 non
550 1543 792 1589 mandragorae
806 1541 902 1590 gustu
915 1538 1021 1591 fhpor
1040 1540 1178 1576 additur
1195 1540 1309 1578 altus:

54 1593 107 1633 ibi
119 1594 206 1632 vide
222 1594 326 1633 Rob.
344 1592 541 1632 Keuchen.
555 1605 596 1644 p.
615 1592 713 1638 282,
733 1594 775 1632 δι
788 1592 970 1631 Seberum
988 1593 1032 1630 ad
1046 1591 1137 1630 Poll.
1154 1593 1207 1640 V,
1225 1606 1312 1645 132,

55 1660 96 1687 n.
115 1661 178 1701 73.
200 1647 380 1700 Xenoph.
405 1647 541 1699 Symp.
563 1658 647 1698 pag.
675 1660 746 1696 512
760 1678 771 1695 ,
789 1660 829 1685 V.
852 1645 923 1692 28,
949 1645 963 1683 ὁ
990 1642 1078 1685 οἷνος
1096 1645 1215 1697 uphir
1237 1649 1312 1686 τὰς

55 1701 217 1755 ψυχὰς,
226 1704 300 1742 τὰς
310 1700 378 1751 μὲν
391 1699 534 1746 λύπας,
547 1698 672 1750 ὥσπερ
687 1699 982 1752 ὁμοινὲροιγὸρας
996 1699 1081 1737 τοὺς
1094 1698 1312 1751 ἀνθρώπους,

53 1756 222 1806 κοιμίζει·
231 1754 439 1807 ’ἀνθρώπους
454 1753 603 1793 servant
615 1753 836 1792 Athenaeus
850 1754 891 1791 &
903 1752 1095 1792 Stobensis
1109 1766 1118 1792 ε
1141 1753 1313 1792 Artemi-

56 1810 177 1849 dorus
189 1809 226 1856 Ι,
243 1821 277 1848 c.
289 1809 340 1848 68
351 1837 362 1853 ,
379 1808 522 1860 ἀνδρὸς,
537 1807 619 1852 vel,
638 1819 682 1846 ut
700 1807 850 1846 Tollius
866 1807 977 1846 etiam
993 1806 1136 1859 posuit,
1159 1807 1314 1856 auspic:-

54 1876 132 1917 pro
145 1876 227 1916 quo
241 1862 473 1903 Cornarium
490 1861 829 1900 animadvertimus
843 1861 882 1899 in
895 1860 1072 1900 verfione
1084 1861 1199 1913 longe
1211 1861 1313 1900 aliud

51 1916 294 1970 expressisse,
311 1916 490 1955 nimirum
510 1916 615 1954 ἀνίας
628 1914 692 1954 vel
703 1914 848 1953 ὸέὑνας.
861 1916 1022 1954 ΗΕΜςτ,

114 1975 187 2010 ead.
198 1973 223 2010 -Ι,
242 1984 300 2023 15.
321 1968 474 2022 Λημᾷἶς)
490 1971 600 2009 Haec
616 1968 774 2024 illustrat
789 1969 928 2007 Erasm.
943 1970 1064 2020 Adag.
1079 1968 1115 2006 in
1131 1969 1312 2008 Saturniae

62 2026 176 2064 lemae.
197 2024 374 2063 Proxime
387 2024 577 2074 sequitur,
598 2025 651 2061 τὰ
664 2025 747 2061 <bra
767 2023 1024 2068 ἑκκεκὼφ-ωσαι
1046 2023 1090 2061 de
1110 2022 1231 2067 Iove,
1252 2023 1316 2061 cui

60 2092 153 2132 prae
171 2078 277 2118 senio
295 2091 407 2117 aures
427 2077 721 2116 obsurduerunt:
742 2075 824 2129 ipsa
845 2076 997 2115 locutio
1014 2076 1228 2123 Platonica,
1251 2075 1312 2115 sed

62 2132 182 2185 paulo
197 2131 345 2172 diversa
369 2131 578 2183 potestate,
599 2130 754 2184 quando
777 2130 864 2182 quis
883 2129 1072 2181 frequenti.
1095 2130 1133 2168 ἃ
1156 2129 1315 2169 molesta

61 2199 182 2238 paene
195 2186 250 2225 rei
265 2185 634 2225 commemoratione
653 2184 770 2222 alium
788 2183 965 2222 obtundit
983 2195 1098 2236 atque
1116 2183 1315 2223 exsurdat:

61 2240 103 2280 in
118 2239 206 2292 Lys.
227 2254 263 2293 p.
285 2256 309 2287 4
338 2254 362 2287 7
385 2239 427 2278 E.
447 2236 546 2288 ἦμῶν
559 2237 653 2288 ’γοῦν
671 2240 906 2281 eunuchorum
918 2239 971 2274 τὰ,
988 2231 1069 2275 εἶτα
1082 2266 1093 2284 ,
1115 2238 1179 2275 καὶ
1201 2237 1316 2285 ἐμπέ-

63 2305 188 2335 πληκε
206 2294 293 2333 Atio-i
325 2307 375 2331 ος·
390 2306 488 2346 quae
508 2305 606 2331 cum·
619 2292 830 2330 imitaretur
847 2289 1031 2329 Aristaen.
1053 2290 1070 2328 1
1090 2290 1158 2342 Ep.
1181 2304 1255 2337 24,
1275 2303 1313 2342 p.

69 2360 87 2388 ι
97 2361 159 2395 10,
177 2346 317 2401 scripsit
328 2347 588 2393 ἐκκεκώφηκας
606 2343 704 2394 ἧμᾶν
716 2347 768 2383 τὰ
780 2338 877 2382 ὦτοι.
892 2343 996 2383 Nihil
1010 2343 1173 2389 interest,
1189 2355 1316 2382 utram

27 2428 30 2430 v
64 2401 230 2442 formam
246 2401 424 2453 usurpes,
443 2398 605 2449 ἑκκωφξῐν
623 2412 672 2437 an
686 2398 877 2444 ἑκκωφούν·
897 2399 1002 2450 prior
1021 2399 1058 2436 in
1072 2396 1317 2449 Aristophan.

29 2481 34 2483 -
66 2455 165 2508 Equ.
183 2469 222 2494 v.
240 2470 337 2509 312,
356 2455 425 2494 ubi
445 2454 598 2506 prorsus
619 2452 784 2505 displicet
797 2451 935 2491 Suidae
955 2451 1067 2491 leffio
1084 2452 1324 2490 ἀνακεκώαη-

67 2525 140 2559 κεν,
158 2511 330 2564 quippe,
350 2508 420 2548 nisi
439 2508 576 2558 fallor,
595 2507 748 2560 linguae
772 2505 944 2548 Graecae
971 2506 1086 2559 genio
1111 2505 1322 2545 contraria:
