1737 3378
87 685 183 727 1521

88 728 187 780 1538

75 1492 92 1519 ¹
105 1495 172 1535 543

474 247 940 298 LUCIANI.
1182 267 1341 308 LXVII

300 351 457 394 Moribus
477 358 535 408 este
551 357 676 408 procul
695 356 795 408 rigidi
816 357 976 409 vultuque
1001 357 1170 407 Catones,

357 409 429 460 Qui
443 408 570 461 ficgt‘tis
594 409 706 459 risus,
725 409 915 459 scommata
933 413 1042 449 mixta
1065 413 1159 453 iocis.

298 463 455 514 Lustmus
474 463 509 500 in
532 463 672 507 teneris,
692 462 778 512 seris
803 477 931 514 quoque
953 463 1099 503 ludimus
1121 468 1250 516 annis,

350 519 402 554 Et
423 515 582 567 reliquum
608 515 697 553 vitae
715 516 820 567 quid,
845 518 909 566 nisi
925 517 1021 565 lufizs
1041 520 1133 556 erit?

243 568 344 608 Cum
369 568 572 621 privilegio
596 568 771 607 caesareo
796 568 840 606 ad
863 570 1151 621 quadriennium
1171 574 1218 612 ab
1234 588 1339 617 anno

243 622 378 661 Christi
392 636 405 660 1
417 634 433 672 5
445 635 458 658 ι
467 636 502 674 9.
512 622 674 660 Ioannes
683 621 860 661 Schottus
869 623 1119 674 Argentorati
1129 630 1339 678 premebat.

241 676 406 726 Bastleae,
420 675 595 728 f01.ap.F
598 676 798 714 robenium
820 677 978 729 repetita
995 677 1202 719 Parifiensis
1222 694 1234 717 1
1248 694 1334 732 514·

242 729 479 780 Francoficrti‚
504 728 569 768 fol.
590 729 747 769 Luciani
772 729 1040 768 Samosatenfis
1063 730 1218 784 Opera,
1237 747 1337 785 quae

239 783 394 835 quidem
418 781 587 828 exstant,
612 784 741 821 omnia
755 811 764 827 ‚
793 796 815 822 e
835 782 989 823 Graeco
1010 783 1184 825 sermone
1210 789 1247 825 in
1269 789 1338 827 La.

239 838 388 884 tinum,
423 837 561 889 partim
592 836 666 875 iam
698 836 792 876 olim
824 836 978 876 diversis
1002 840 1224 888 autoribus,
1250 854 1338 894 par·

239 891 305 928 tim
339 903 440 930 nunc
471 890 623 930 demum
660 903 728 943 per
762 888 947 929 Iacobum
974 892 1184 944 Micyllum,
1215 908 1335 946 quae-

239 956 394 997 cunque
418 943 562 996 reliqua
587 943 714 990 fuere,
743 944 932 983 translata.
967 944 1068 983 Cum
1103 950 1336 998 argumentis

236 998 280 1037 δι
301 998 612 1037 annotationibus
633 997 796 1036 eiusdem
810 1026 823 1044 ,
848 997 976 1049 paffim
996 998 1159 1039 adieffls.

342 1052 535 1092 Lucianus
555 1051 591 1089 in
614 1049 722 1089 suum
742 1049 856 1102 ipsius
879 1051 1040 1091 librum:

288 1107 465 1145 Lucianus
482 1106 603 1158 scripsi
625 1105 728 1151 lzaec,
756 1105 960 1158 antiquaque
971 1107 1139 1158 stultaque
1167 1111 1293 1148 clodus.

341 1161 387 1198 Id
403 1174 529 1212 quoque
554 1159 637 1196 enim
651 1159 794 1210 stultum
810 1160 852 1210 est
861 1188 874 1204 ,
898 1162 991 1211 quod
1008 1160 1067 1197 tibi
1085 1162 1185 1200 valde
1196 1164 1304 1215 lepit.

289 1214 361 1252 Nil
382 1215 507 1252 homini
532 1224 652 1251 certum
674 1214 740 1264 est,
764 1228 823 1250 nec
842 1224 920 1251 voto
940 1213 1071 1251 vivitur
1094 1229 1189 1261 uno,

343 1268 412 1306 Sed
435 1268 565 1315 ridens,
586 1269 695 1304 eadem
712 1295 724 1310 ,
746 1266 799 1304 liic
822 1266 951 1313 elevat,
977 1267 1032 1305 ille
1053 1270 1187 1319 prohat.

233 1318 496 1369 Francofurti‚
513 1320 612 1373 apud
631 1317 890 1358 Christianum
913 1320 1194 1374 Egenolphum.
1220 1345 1265 1352 —
1287 1321 1331 1363 In

231 1374 331 1414 fine:
357 1376 563 1425 Christianus
586 1373 807 1426 Egenolphus
826 1377 1031 1423 afficiebat,
1056 1376 1163 1427 metzfi²
1184 1379 1333 1418 Martio.

232 1432 291 1468 M.
305 1431 357 1468 D.
371 1431 504 1467 XXX.
526 1427 627 1467 VIII.

231 1483 370 1522 Eadem
398 1483 485 1521 ibid.
508 1481 573 1521 fol.

74 1538 175 1588 1546
228 1538 395 1588 Parifiis‚
408 1535 474 1576 fol.
493 1535 654 1575 Luciani
671 1533 941 1574 Samosatenfis
955 1534 1086 1587 Opera
1097 1565 1108 1583 ‚
1130 1549 1230 1589 quae
1247 1538 1334 1590 quia

75 1710 176 1753 1549

231 1591 315 1630 dem
331 1589 500 1636 exstant,
521 1590 650 1629 omnia
670 1589 745 1628 διε.
767 1588 936 1634 Parisiis,
959 1604 1001 1627 ex
1019 1591 1153 1644 officina
1167 1592 1330 1631 Aliclzak'*

232 1646 276 1682 lis
305 1645 491 1697 Vasbosani
505 1674 518 1690 ,
550 1660 558 1681 ι
565 1650 641 1693 546
665 1642 771 1693 mense
798 1642 974 1680 Lmuarz'o.

231 1700 418 1751 Lugduni,
445 1695 510 1737 fol.
536 1696 731 1750 Repetitio
756 1694 965 1735 parisiensis
992 1709 1053 1736 an.
1084 1698 1199 1750 1546.

136 1830 190 1896 c)
265 1827 1252 1877 GRAECO-LATJNAE.

69 1921 170 2008 1⁹563

70 2228 174 2272 1602

228 1954 421 2007 Bafilicnfis
450 1954 531 2000 III,
563 1953 600 1993 8.
622 1952 723 2007 apud
747 1950 950 1992 Sebastian.
977 1951 1243 2004 Henricpeffl,
1270 1949 1331 1994 IV

230 2008 324 2048 voll.
352 2032 395 2039 —
430 2008 571 2049 Verfio
602 2007 760 2052 Graecis
791 2004 967 2045 adiun&a
994 2006 1126 2044 varios
1151 2007 1330 2049 au&ores

229 2062 417 2115 agnoscit,
443 2072 666 2115 argumenta
683 2061 770 2100 sunt
792 2060 869 2099 Iac.
888 2059 1054 2110 Micylli,
1077 2060 1241 2113 denique
1259 2075 1331 2101 no-

227 2127 288 2156 tae
301 2117 465 2156 Gilberti
489 2118 654 2168 Cognati,
679 2115 820 2168 quibus
837 2115 1025 2152 accedunt
1047 2113 1093 2151 ad
1108 2113 1227 2154 libros
1251 2116 1330 2169 ple-

229 2170 367 2222 rosque
392 2170 728 2210 annotatiunculae
748 2169 806 2208 Io.
829 2167 1001 2206 sambuci.

228 2225 420 2276 Bafilicnfis
434 2226 505 2272 IV,
524 2224 560 2263 8.
580 2226 847 2263 ΑΟΎΚΙΑΝΟΥ
870 2223 1068 2259 ΑΠΑΝΤΑ.
1088 2220 1246 2260 Luciani
1263 2222 1330 2262 Sa·

230 2277 449 2318 mosatensis
471 2278 628 2331 Opera,
660 2290 759 2331 quae
787 2276 942 2327 quidem
971 2273 1139 2321 exstant,
1172 2277 1331 2324 omnia,

228 2332 380 2373 Graece
404 2333 444 2372 δι
472 2333 626 2381 Latine,
646 2332 688 2370 in
713 2342 881 2384 quatuor
908 2328 1061 2367 Tomos
1085 2328 1226 2368 divisa:
1253 2343 1332 2369 una

228 2399 318 2426 cum
347 2386 509 2426 Gilberti
526 2385 699 2439 Cognati
726 2386 767 2423 &
786 2382 940 2422 Ioannis
964 2381 1145 2420 Sambuci
1169 2395 1332 2424 annota-

229 2440 399 2480 tionibus
421 2439 639 2479 utiliffimis:
667 2439 885 2478 narratione
905 2437 994 2475 item
1013 2435 1057 2473 de
1074 2436 1166 2476 Vita
1180 2437 1219 2475 δι
1234 2438 1334 2477 Scri-

231 2494 305 2546 ptis
327 2494 500 2534 authoris
513 2495 641 2533 Iacobi
654 2493 851 2545 Zvingeri:
874 2489 1027 2528 adieffis
1046 2488 1115 2528 suo
1130 2489 1219 2529 ioco
1234 2491 1333 2530 Tra-

233 2546 406 2588 &atuum
421 2548 587 2588 elenchis
599 2579 612 2594 ‚
633 2548 673 2587 ὅ(
692 2560 820 2587 rerum
841 2556 885 2584 ac
903 2544 1115 2585 verborum
1128 2543 1330 2588 Indicibus.

1001 2613 1025 2642 θ
1063 2612 1087 2644 2
