1737 3378
200 246 727 321 SCRIPTISQUE
755 248 1103 295 LUCIANI.
1203 258 1309 292 ΗΠ

48 358 150 406 fimi
176 357 477 403 iudicantur?
506 357 568 401 At
596 357 680 400 alia
708 357 815 401 sunt
832 391 844 411 ,
874 373 995 415 quae
1019 356 1307 417 impediant,

47 440 150 483 quo
170 423 325 467 minus
340 421 567 466 Pantheae
588 420 804 475 nomine,
825 420 967 464 Marci
985 422 1305 466 concubinam

45 488 246 549 intelligi
265 497 444 547 putem.
475 484 620 529 Haud
637 495 785 543 puto,
804 484 921 528 vixit
939 485 986 528 in
1005 496 1130 529 tanta
1147 502 1305 530 rerum

46 551 282 598 affluentia
299 549 565 595 concubina
578 547 891 592 modestissimi
905 548 1214 607 Imperatoris,
1232 566 1306 593 ne-

49 633 147 675 que
164 617 212 660 in
232 631 335 659 eam
350 613 602 657 convenire
622 612 819 656 dixerim
837 610 877 655 Sc
893 612 1145 657 Eunuchos
1163 611 1202 655 8c
1222 614 1308 656 mi-

47 682 176 735 lites,
202 694 321 738 quos
337 677 414 721 se
404 693 453 721 ln
470 677 703 721 Pantheae
729 677 956 720 comitatu
978 676 1210 721 Lucianus
1239 678 1306 738 (p.

55 757 75 798 7
101 744 142 788 8c
163 740 259 805 24.)
289 740 446 787 vidiffe
476 752 837 789 commemorat;
871 752 924 785 ut
951 752 1128 785 taceam
1146 740 1309 784 lauda-

49 820 148 854 tam
175 807 223 851 in
253 823 304 850 ea
319 823 510 850 morum
538 807 587 850 in
609 806 790 849 summa
814 821 971 849 rerum
991 805 1308 865 amplitudine

49 871 450 918 moderationem.
484 886 604 930 quae
631 869 736 914 sane
759 870 916 914 omnia
936 870 983 913 in
1008 885 1109 914 eam
1137 869 1310 912 mulie-

49 953 152 984 rem
182 934 344 980 cadere
372 935 621 989 videntur,
656 950 777 993 quae
802 934 1013 996 legitimo
1039 933 1309 979 connubio-

50 1018 159 1047 rum
181 1000 281 1045 iure
309 995 509 1044 dedufia
538 998 682 1044 effet
673 1014 722 1042 ln
742 1010 901 1043 torum
932 999 1081 1053 illius,
1114 998 1199 1056 qui
1230 1009 1310 1041 aut

50 1066 313 1126 Imperator
335 1063 482 1119 foret,
511 1075 592 1108 aut
624 1063 970 1122 imperatoriam
998 1033 1081 1108 sibi
1109 1062 1259 1125 dignit
1264 1079 1313 1106 a«

50 1141 151 1175 tem
176 1128 410 1174 vindicare
434 1127 774 1190 aggrederetur.

120 1194 327 1256 Longior
345 1192 412 1237 fui
432 1208 577 1258 quam
603 1204 816 1252 putaram
842 1193 891 1236 in
917 1193 1073 1254 exigui
1092 1207 1314 1237 momen-

52 1261 90 1306 ti
120 1258 268 1303 rebus
303 1257 458 1301 Multo
483 1249 618 1316 plura
649 1255 689 1300 ὃς
711 1256 830 1301 forte
848 1258 1040 1301 meliora
1067 1256 1313 1317 supersunt

56 1321 372 1370 commodiori
387 1321 623 1366 occafione
639 1321 848 1366 dicenda.
870 1321 1135 1366 Lucianum
1152 1333 1313 1366 tamen

55 1387 292 1434 dimittere
310 1385 491 1430 animus
511 1402 610 1430 non
631 1386 717 1442 est,
740 1398 995 1445 antequam
1013 1403 1113 1430 rem
1131 1421 1142 1440 ‚
1165 1386 1213 1429 ni
1234 1384 1313 1429 fal-

54 1455 127 1499 lor
140 1487 152 1508 ,
173 1451 266 1496 aliis
286 1448 507 1495 indifflam
527 1450 585 1494 de
602 1451 867 1495 Alexandro
883 1450 1062 1495 Pseudo
1077 1478 1095 1482 -
1107 1450 1316 1510 Prophe-

53 1529 104 1564 ta
134 1515 579 1561 Abonotichitarum
611 1516 820 1577 attigero.
868 1515 1049 1560 Prolata
1081 1515 1188 1560 sunt
1221 1516 1315 1559 iam

57 1582 176 1628 olim
195 1581 245 1624 in
260 1579 475 1623 medium
493 1597 517 1624 a
534 1581 641 1624 viris
663 1577 924 1624 dofftiffimis
941 1597 992 1623 ea
1011 1580 1288 1624 numismata
1300 1612 1315 1634 ,

59 1663 183 1706 quae
212 1654 409 1689 aetatem
438 1646 676 1700 tulerunt,
703 1644 751 1688 in
776 1644 948 1704 quibus
977 1644 1157 1688 rediviv
1163 1660 1212 1688 us
1237 1643 1316 1687 ille

57 1711 417 1772 Paphlagonum
435 1680 729 1770 Aesculapius
747 1710 960 1769 Glycon,
981 1709 1039 1752 ad
1060 1725 1161 1752 eam
1177 1709 1318 1767 plane

57 1776 259 1822 formam
288 1770 471 1818 emerus
492 1774 576 1829 est,
607 1790 752 1833 quam
781 1772 1048 1817 Lucianus
1039 1788 1087 1817 111
1114 1772 1321 1816 Pseudo-

59 1839 209 1886 manti
224 1837 466 1898 descripsit.
486 1838 548 1883 At
562 1855 704 1883 nemo
724 1838 945 1883 animadv
949 1837 1069 1892 ertit,
1084 1853 1185 1881 eam
1206 1836 1319 1880 frau

62 1905 198 1960 dem,
219 1919 366 1963 quae,
387 1902 596 1948 Luciano
614 1915 849 1959 narrante,
868 1903 1024 1947 Marco
1038 1901 1230 1946 Aurelio
1254 1900 1322 1945 fa-

61 1968 135 2015 sta
154 1969 252 2014 est
244 1984 293 2012 m
320 1967 567 2012 Germania
593 1979 753 2012 contra
782 1968 1101 2011 Marcomanos
1130 1965 1169 2010 K
1189 1967 1322 2034 Qua-

65 2036 152 2080 dos
170 2034 351 2078 bellum
371 2033 574 2094 gerenti,
602 2034 651 2076 in
671 2034 890 2077 columna
911 2031 1228 2075 Antoniniana
1247 2046 1323 2074 ac-

62 2110 222 2143 curate
242 2096 474 2157 depiffiiam
497 2098 718 2142 exhiberi
748 2098 863 2142 Eam
888 2096 961 2141 hic
984 2112 1068 2158 ego
1095 2112 1205 2140 cum
1231 2094 1325 2155 ipsa

66 2163 329 2209 narratione
357 2162 565 2206 historiae
590 2179 647 2206 ex
671 2162 768 2221 ipso
794 2162 1004 2206 Luciano
1011 2136 1265 2214 Odesumta,
1299 2176 1325 2204 a

68 2228 259 2290 Collega
285 2243 394 2270 meo
424 2224 793 2272 coniunciiffimo
822 2227 986 2271 harum
1012 2242 1169 2270 rerum
1189 2225 1328 2268 intel-

67 2291 363 2355 ligentillimo
384 2288 618 2351 depictam
646 2291 845 2336 exhibeo
866 2325 878 2347 ,
914 2302 968 2335 ut
993 2290 1103 2334 inde
1129 2288 1327 2333 manife-

68 2357 192 2401 stum
221 2356 303 2412 fit,
330 2366 436 2400 tum
466 2369 642 2415 quanta
665 2356 713 2400 in
749 2356 885 2400 rebus
916 2354 1133 2399 historicis
1160 2353 1329 2397 Lucia-a

71 2437 138 2465 no
170 2420 281 2465 fides
311 2420 469 2464 haberi
501 2438 564 2480 po
570 2422 669 2476 lllt,
707 2434 813 2466 tum
850 2431 1086 2479 quantum
1119 2418 1330 2463 utilitatis

71 2485 137 2530 rei
165 2485 383 2529 literariae
411 2485 464 2529 fit
497 2484 779 2530 accessurum
800 2520 812 2541 ,
846 2485 876 2529 fi
910 2485 1012 2545 quis
1041 2485 1089 2527 in
1122 2483 1328 2527 criticam

76 2549 337 2596 historicam
359 2550 744 2599 lucubrationum
774 2550 967 2595 Luciani
996 2548 1182 2594 sedulus
1200 2547 1333 2592 inve<

1024 2613 1112 2673 d3
