1737 3378
391 202 478 252 192
587 183 1459 232 ANNOTATIONES

440 277 519 315 ibid.
542 269 660 314 Οἱῗτος
677 273 827 327 ἐκεῖνος)
849 275 924 314 Hic
942 274 1002 314 ille
1019 273 1072 314 est
1090 274 1284 315 Lucianus
1297 304 1308 322 ‚
1325 274 1476 328 insignis
1496 281 1646 318 orator:

387 329 555 369 Persius:
573 329 629 366 At
643 329 822 380 pulchrum
845 329 950 379 digito
970 329 1158 380 monstrari,
1178 329 1212 366 δ’
1227 330 1347 377 dicier,
1361 331 1414 368 hic
1434 331 1487 382 est.
1502 330 1644 372 BROD.

391 383 531 434 Digito
554 380 775 428 monstrari,
795 381 836 420 &
853 382 969 421 dicier
984 412 995 427 ‚
1017 382 1080 420 hic
1097 381 1151 421 est
1163 411 1174 427 ,
1193 381 1398 435 aliquando
1419 383 1619 435 pulchrum
1631 399 1647 432 3

391 445 435 474 ut
460 435 573 483 illud,
598 436 688 474 Ecce
717 450 829 487 agnus
857 436 947 474 Dei.-
972 434 1013 474 &
1036 434 1051 473 ὂ
1077 431 1193 474 αὐτὸς
1215 435 1296 474 ἐστι
1326 437 1577 486 Δημοσθένης·
1602 438 1647 477 &

392 489 499 540 quod
520 489 565 528 de
586 489 799 528 Telamone
819 500 1082 535 memoratur,
1103 489 1156 528 ob
1177 488 1286 528 cuius
1310 501 1378 534 os,
1405 490 1455 528 ait
1480 489 1653 537 Cicero,

391 541 501 581 Graii
520 555 589 582 ora
609 542 867 582 obvertebant
889 542 975 581 sua:
997 542 1038 580 δε
1060 541 1207 581 Persius
1228 540 1304 581 Sat.
1332 541 1371 581 1:
1397 544 1452 580 At
1468 543 1649 594 pulchrum
1673 566 1682 574 ·

392 598 436 648 est
456 597 559 648 digito
576 597 746 648 monstrari
758 626 771 642 ,
794 597 828 634 δ’
842 596 961 642 dicier,
978 596 1051 633 Hic
1075 598 1141 648 est:
1165 595 1368 648 aliquando
1391 597 1650 636 contumelio·

390 649 477 687 sum
496 648 574 695 est,
599 661 640 688 ut
664 650 756 688 illud
769 679 782 695 ‚
804 650 892 688 Ecce
906 649 1095 700 fhmniator
1113 649 1214 688 venit.
1231 650 1388 688 Lucian.
1404 650 1441 688 in
1458 649 1649 690 Harmon.

393 701 439 741 In
459 704 571 742 turba
593 702 776 754 insignem
805 702 902 748 effe,
923 703 1121 755 digitoque
1141 702 1398 742 demonstrari.
1420 701 1566 743 COGN.
1589 704 1651 744 Sic

390 756 430 794 in
450 757 678 795 Harmonid.
701 756 740 794 δι
760 755 864 794 alibi.
879 756 1051 794 Bonan.

447 822 519 856 ead.
545 820 567 857 l.
601 818 740 857 10.'¹Av
767 816 814 856 δέ
837 832 874 856 τι
899 817 993 869 &c.)
1019 817 1215 870 Sophistae
1240 831 1285 857 ea
1310 830 1432 858 aetate
1451 819 1653 872 legationi-

393 871 466 911 bus
486 871 594 923 saepe
616 871 882 924 fungebantur.
906 872 997 910 Vid.
1017 871 1218 924 Spanhem.
1233 872 1278 911 de
1298 872 1348 912 U.
1370 872 1474 919 &VR
1494 873 1543 912 N.
1565 886 1653 927 pag.

393 925 484 977 708.
505 925 661 964 Somn.

463 990 537 1025 ead.
567 987 590 1025 l.
626 1001 682 1025 11.
712 984 1022 1039 Καταλαμβάνῃ)
1053 985 1264 1035 Inqmalam
1289 997 1436 1039 partem
1467 986 1654 1041 usurpant

395 1039 539 1080 Graeci
562 1040 608 1078 de
628 1039 801 1093 periculis
820 1041 861 1080 &
885 1039 1055 1084 caslbus,
1075 1040 1142 1093 qui
1161 1040 1346 1092 inopinati
1369 1041 1570 1095 repentino
1584 1042 1654 1080 im-

396 1105 493 1146 petu
507 1093 797 1147 superveniunt:
810 1094 850 1132 in
867 1093 1098 1145 Thucydide
1112 1092 1196 1133 satis
1209 1092 1388 1146 frequens
1399 1123 1410 1142 ,
1423 1095 1525 1147 apud
1537 1107 1655 1160 quem

395 1148 485 1187 ideo
513 1148 713 1200 legendum
735 1147 787 1186 est
818 1147 892 1196 IV,
922 1161 965 1201 3¹
985 1179 996 1195 ‚
1023 1147 1053 1187 εἰ
1084 1147 1386 1197 καταλαμβάνοι
1410 1148 1658 1201 ἁναχωρησις

397 1201 613 1253 βιαιοτέρα,
634 1214 712 1240 non
734 1201 949 1254 βεβαιοτέρα
962 1230 973 1248 ,
988 1201 1094 1254 quod
1113 1200 1347 1241 vocabulum
1371 1214 1462 1241 cum
1484 1201 1552 1241 ista
1569 1214 1657 1241 ver·

397 1255 436 1294 bi
460 1254 647 1307 potestate
668 1254 869 1294 conslstere
893 1256 1037 1314 nequit.
1061 1254 1259 1294 Demosth.
1285 1256 1322 1294 in
1345 1254 1513 1309 Aristog.
1528 1269 1564 1309 p.
1579 1254 1659 1304 846

400 1309 444 1348 Β.
467 1309 558 1348 ὅταν
578 1323 638 1347 τις
656 1307 814 1347 κίνδυνος
828 1320 1045 1348 τηλικουτος
1068 1309 1349 1359 καταλαμβάνῃ
1372 1308 1437 1348 τὴν
1458 1308 1578 1349 πόλιν·
1598 1308 1659 1348 Pi-

398 1361 491 1401 fistr.
507 1362 570 1401 vel
592 1362 656 1414 qui
675 1374 818 1401 nomen
835 1363 917 1401 eius
932 1363 1135 1409 mentitur,
1157 1363 1258 1409 apud
1278 1362 1446 1415 Diogen.
1469 1363 1511 1402 L.
1529 1363 1572 1410 1,
1597 1376 1613 1416 ς
1645 1393 1659 1411 ,

398 1416 440 1455 {iv
462 1415 477 1453 ὁ
500 1416 666 1465 orgulio<
690 1413 787 1465 ὑμᾶς
812 1417 1026 1466 καταλάβῃ·
1043 1415 1151 1455 Dion
1171 1415 1309 1467 Chrys.
1331 1430 1366 1469 p.
1382 1430 1434 1466 47
1455 1417 1498 1456 B.
1518 1429 1591 1470 530
1605 1378 1660 1456 13.

399 1469 444 1508 ἂν
467 1467 520 1518 μίν
546 1484 606 1508 τις
627 1469 758 1524 μξείζων
778 1469 931 1521 ἀνάγκη
953 1468 1168 1519 καταλάβῃ·
1186 1469 1324 1510 Galen.
1348 1471 1430 1523 περὶ
1453 1468 1520 1509 τοῦ
1540 1475 1661 1524 Προγ.

401 1518 503 1562 αὕτη
522 1523 589 1572 μὲν
611 1521 667 1562 οὑν
691 1522 786 1563 κοινὴ
807 1521 877 1563 τῶν
902 1522 1050 1576 τεχνῶν
1073 1522 1237 1562 &ormo-3512
1259 1523 1465 1576 ἓυττυχία
1486 1523 1663 1564 κατείλη-

402 1590 447 1622 φε
475 1579 538 1615 τον
567 1574 624 1616 νῦν
658 1576 758 1623 βίον,
793 1579 945 1629 oppreffit
973 1588 1113 1616 aetatem
1139 1578 1281 1631 nostram
1309 1577 1344 1615 C>
1376 1577 1545 1629 corripuit.
1570 1577 1662 1617 Vid.

402 1630 556 1671 Aelian.
578 1632 630 1670 V.
651 1631 702 1669 H.
720 1630 780 1675 ΙΙ,
795 1646 830 1678 4.
853 1631 985 1670 Iulian.
1009 1630 1080 1670 Or.
1101 1629 1141 1677 Ι,
1162 1645 1198 1682 ρ.
1226 1646 1285 1684 34.
1301 1629 1381 1670 Nisi
1402 1630 1554 1684 fugiss‘et
1568 1631 1663 1672 haec

402 1684 568 1738 potestas
586 1685 736 1738 priores
753 1683 894 1737 Interp.
913 1697 993 1723 non
1019 1683 1258 1724 monuiffem.
1284 1685 1448 1724 HEMST.

458 1748 532 1784 ead.
563 1746 587 1783 i.
627 1759 687 1798 13.
710 1745 942 1799 Κεχῃνότες)
966 1745 1021 1786 Ut
1047 1746 1085 1784 in
1117 1745 1224 1798 Nigr.
1251 1745 1385 1786 Timo.
1408 1745 1595 1787 Charont.
1620 1745 1663 1787 δι

403 1797 547 1853 paffim.
569 1799 744 1838 BouRD.

459 1861 538 1899 ibid.
554 1858 821 1912 (θαυμάζοντες
839 1858 904 1898 καὶ
931 1858 1243 1911 εὗὲαιμονίζοντές
1258 1859 1320 1912 σε)
1343 1859 1429 1900 Mff.
1449 1860 1667 1911 θαυμάζον-

403 1915 474 2007 ἷζαί
497 1929 539 1954 σε
561 1912 628 1954 τῆς
652 1913 859 1965 δυνάμεως.
882 1912 1063 1968 Impreffa
1084 1913 1246 1954 leftione
1276 1914 1365 1954 alibi
1398 1913 1507 1969 saepe
1530 1915 1666 1955 utitur.

442 1978 583 2007 OURD.
1015 1974 1018 1976 ’

460 2033 535 2069 ead.
560 2030 586 2069 l.
619 2044 678 2083 15·
710 2029 930 2084 Ἀθάνατοι)
955 2030 999 2070 In
1031 2029 1194 2070 transitu
1229 2029 1374 2070 fabulas
1401 2029 1603 2070 hominum
1626 2030 1666 2070 in

405 2082 517 2124 Deos
537 2084 746 2124 relatorum
776 2084 962 2124 traducit:
991 2097 1086 2124 vera
1100 2116 1111 2133 ‚
1131 2097 1232 2138 quae
1259 2085 1296 2123 in
1317 2085 1513 2124 hominem
1534 2086 1670 2133 cadat,

404 2137 693 2184 immortalitas,
715 2139 858 2177 virtute
887 2139 929 2179 δι
953 2139 1169 2178 eruditione
1193 2150 1460 2191 comparatur,
1483 2151 1598 2190 quam
1621 2137 1668 2177 st·

406 2192 446 2230 bi
467 2192 687 2239 Lucianus,
700 2205 780 2231 non
804 2205 929 2232 vanus
946 2205 1069 2244 augur
1082 2221 1094 2239 ,
1120 2193 1318 2245 promittit.
1339 2192 1538 2244 Eleganter
1562 2191 1667 2232 Dio-

404 2246 489 2285 dor.
511 2245 584 2285 Sic.
606 2245 672 2285 sub
688 2247 838 2285 initium
860 2246 945 2285 libri
968 2247 1079 2299 primi
1101 2245 1251 2291 scribit,
1274 2247 1461 2299 principes
1483 2245 1590 2285 viros
1607 2246 1666 2284 in-

404 2299 591 2339 flammari
614 2299 665 2348 τῷ
684 2298 753 2338 st&
773 2298 840 2339 viic
862 2299 974 2352 δόξης
995 2299 1262 2351 ἀθανατισμῷ,
1284 2312 1399 2352 quem
1419 2297 1585 2339 fruEkum
1602 2311 1668 2338 ca-

406 2354 516 2406 piunt
536 2356 607 2392 τας
631 2352 768 2405 ἀρετὰς
785 2350 904 2393 αὐτῶν
929 2352 994 2393 τῆς
1007 2353 1172 2405 ἱστορίας
1187 2352 1551 2404 ἀπαθανατιζούσης.
1565 2351 1669 2392 istius

402 2407 480 2446 loci
500 2406 742 2460 paraphrasin
768 2420 890 2459 paene
913 2407 1014 2446 dedit
1037 2407 1178 2460 Agath.
1201 2407 1240 2445 in
1265 2407 1546 2449 Prooem.Vid.
1572 2418 1673 2453 eun·r

399 2461 486 2504 dem
510 2460 730 2502 Diodorum
748 2461 844 2508 XV,
867 2475 901 2515 p.
927 2461 1004 2515 458
1031 2461 1076 2502 B.
1096 2462 1260 2501 Hmsr.
