1737 3378
329 223 432 268 IN
498 222 1059 268 NIGRINUM.
1237 238 1325 290 245

0 317 9 324 ‘
63 310 238 365 Hesych.
255 313 293 353 in
316 313 369 354 V.
392 313 516 354 Schol.
545 312 739 364 Aristoph.
760 314 805 353 ad
829 314 931 352 Nub.
950 329 990 353 v.
1015 328 1084 363 70,
1107 314 1269 367 Χρὲὖντοιι
1285 315 1331 355 s}

67 365 174 416 αὐτῷ
194 368 259 405 καὶ
282 367 312 406 οἱ
332 369 511 421 τραγικοὶ
529 366 767 411 βασιλεῒςλιι
788 367 993 405 hocetiam
1009 368 1257 408 instrumento
1271 383 1330 408 re-

69 420 196 460 censet
217 421 309 460 Poll.
324 421 396 470 lv,
419 435 432 458 1
446 421 504 459 16.
520 421 609 461 Vid.
632 419 768 458 Durid.
794 420 894 471 apud
917 420 1059 460 Athen.
1080 421 1173 468 XII,
1193 437 1228 475 p.
1257 435 1328 476 535

70 473 113 513 F.
133 476 297 514 HEMsT.

135 529 225 581 Pag.
250 541 309 580 37.
333 527 357 565 l.
379 541 413 565 2.
438 524 566 572 Μεῖζον
586 524 652 565 ‘nic
675 525 733 575 ἐμ.
757 539 791 564 κ.
817 525 954 578 προσ.)
980 526 1127 566 Lai-vae
1151 538 1328 568 veterum

66 590 176 620 erant
198 580 370 628 caffides,
390 580 529 631 quibus
545 589 673 618 totum
690 588 804 630 caput
815 579 1026 630 tegebatur.
1042 580 1178 632 Liquet
1193 582 1266 621 hoc
1280 595 1328 620 ex

8 632 22 659 ι’
65 634 195 673 verbis
216 633 332 674 Gabii
345 632 441 672 B'affi
457 632 556 686 apud
574 632 623 670 A.
640 631 807 671 Gellium
823 633 876 678 V,
895 645 926 671 c.
951 648 986 683 7.
1003 633 1068 672 ubi
1088 635 1138 672 ita
1157 635 1329 686 loquitur

4 696 5 701 ’
69 687 116 726 tle
138 687 318 740 persona:
347 688 475 739 Caput,
500 687 645 737 inquit,
667 686 702 724 δ’
722 701 760 724 os
782 687 1021 738 cooperimento
1035 687 1198 737 perfimae
1214 691 1330 726 reblam

10 772 11 776 ,
70 741 216 793 undique
237 752 368 780 tantum
384 741 477 779 vocis
496 742 689 779 emittendae
706 739 810 790 causa
823 741 976 789 pervium
997 740 1074 779 &a
1096 741 1197 780 Vide
1220 754 1330 794 prae·

66 791 191 833 sertim
209 808 246 847 p.
266 808 339 844 127
354 793 607 834 Gemmarum
622 794 741 832 Leon.
760 793 974 845 Augustini.
995 793 1123 833 CLER.

121 851 194 886 ead.
211 848 235 886 l.
261 860 292 900 ς.
309 845 674 901 Συγκατοισπέισω)
696 849 752 885 Ne
766 848 882 898 lapfizs
897 862 1021 886 mecum
1035 850 1168 887 traham
1183 849 1307 886 lzerok'm
1318 863 1331 886 .-

68 899 146 940 hoc
163 900 238 947 est,
258 913 330 948 ne,
350 902 439 940 dum
453 900 551 939 male
562 913 639 953 ago
658 900 856 953 personam
870 901 1009 947 herois,
1021 901 1206 949 exfibiler‚
1221 914 1331 941 eum-

20 955 25 1004 j
67 966 144 1006 que
171 966 322 993 mecum
348 955 562 995 contemtui
588 955 776 994 obiiciam.
800 954 973 993 Absurde
996 954 1058 995 hic
1080 956 1196 994 vertit
1213 956 1330 994 inter-

67 1020 168 1059 pres.
188 1007 312 1048 CLER.
334 1008 442 1048 Plato
458 1009 503 1047 de
518 1008 616 1061 Rep.
632 1009 686 1057 V,
704 1022 740 1060 p.
754 1008 801 1059 65
815 1021 827 1045 ι
845 1008 891 1047 Β.
908 1009 1012 1046 ἀλλὰ
1024 1008 1077 1058 μὴ
1096 1009 1250 1057 σφαλεὶς
1264 1006 1330 1048 τῆς

52 1061 244 1101 ’ἀληθείας
264 1059 300 1101 οὗ
322 1062 429 1113 μόνον
449 1059 583 1108 οιῦτὶς,
608 1061 715 1100 ἀλλὰ,
736 1062 801 1100 καὶ
826 1061 913 1100 τοὺς
936 1062 1066 1112 φίλους
1087 1062 1333 1113 ξυνεπισπο-

69 1113 230 1165 σέιμενος
249 1115 435 1166 κείσομαι·
457 1115 510 1154 ob
531 1115 667 1154 oculos
688 1114 754 1168 ipsi
778 1115 998 1154 versabatur
1017 1116 1221 1169 vulgatum
1239 1116 1331 1155 illud

67 1168 192 1208 πεσὼν
212 1169 275 1209 vel
291 1165 327 1208 οὐ
343 1172 465 1208 ’πεσών
482 1183 533 1222 ’γε
552 1169 736 1218 κείσομαι·
758 1169 862 1221 quod
879 1169 927 1207 ab
945 1169 1093 1209 athletis
1112 1169 1330 1222 profe6him

67 1222 116 1260 ad
132 1222 204 1262 alia
218 1236 378 1276 quoque
393 1223 591 1275 migravit:
616 1222 705 1261 vide
725 1221 776 1260 D.
798 1221 926 1261 Heins.
945 1223 987 1262 L.
1006 1223 1081 1262 Th.
1102 1236 1133 1263 c.
1149 1223 1237 1262 VII.
1255 1224 1332 1262 Lu-

68 1276 206 1316 cianeo
221 1277 347 1316 verbo
371 1275 543 1316 Galenus
568 1274 679 1322 usus,
693 1269 781 1314 Ὅτι
800 1275 841 1314 αἱ
859 1276 1055 1317 ποιότητες
1073 1276 1273 1327 ἀσώματοι
1290 1279 1332 1316 in

68 1328 166 1369 fine:
186 1328 319 1370 ταῦτα
333 1330 430 1391 Α,τοὺς
454 1329 656 1377 Στωϊκοὺς,
675 1329 953 1393 φίλεςΠίνέειρε
964 1360 979 1394 ³>
998 1329 1094 1370 λύειν
1119 1331 1225 1382 ἀξίου
1239 1362 1250 1380 ,
1273 1331 1328 1383 μὴ

69 1397 371 1435 συγκατασπᾳν
401 1383 546 1423 ἑαυτοῖς
574 1386 738 1431 ἄλλους,
765 1397 811 1421 ως
832 1383 911 1422 τοῖς
931 1383 1059 1423 αυτοῖς
1086 1384 1332 1436 ἐνεχομένους

69 1437 310 1488 πταίσμασι.
326 1437 504 1490 Xenoph.
519 1441 558 1474 K.
578 1442 625 1476 Π.
642 1438 696 1483 V,
715 1451 750 1489 p.
771 1436 838 1490 85,
852 1451 891 1476 v.
908 1451 979 1486 40,
996 1436 1146 1490 φρούρια
1160 1438 1333 1491 πρότερον

68 1490 122 1529 εἰς
140 1490 206 1531 τὴν
222 1490 339 1544 Σύρων
363 1491 606 1543 ἐπικράτειαν
626 1492 1058 1543 συγκοιτοισποισῧέντοι.
1077 1491 1203 1543 Quod
1222 1506 1333 1532 vere-

67 1553 153 1591 tur,
173 1558 221 1584 ne
242 1544 378 1591 faciat,
399 1546 609 1592 Lucianus,
634 1545 671 1583 id
698 1543 878 1583 Aeschini
902 1546 1061 1597 contigit
1081 1545 1330 1587 Oenomaum

68 1599 223 1651 agenti,
245 1598 275 1638 fi
297 1598 599 1638 Demosthenem
624 1598 799 1637 audimus
823 1598 868 1637 de
891 1597 984 1638 Cor.
1006 1612 1091 1652 pag.
1119 1612 1186 1653 503
1220 1601 1263 1639 E.
1292 1600 1333 1640 ὃν

69 1651 106 1690 ἐν
132 1652 312 1702 Koma&
337 1667 432 1691 ποτε
454 1652 635 1703 Οἱνομέιον
658 1651 784 1691 κακῶς
810 1648 1078 1705 ὑποκρινόμενος
1106 1653 1333 1705 ἐπέτριψας.

68 1705 234 1745 HEMST.

124 1764 198 1799 ead.
213 1761 237 1798 l.
256 1774 270 1798 1
282 1772 314 1799 1.
332 1757 533 1808 Φιλοσοφία
547 1758 609 1798 καὶ
628 1758 740 1807 πενίᾳ
759 1758 962 1813 σύντροφοι)
982 1760 1058 1800 Hic
1075 1773 1174 1800 unus
1192 1774 1214 1801 e
1227 1774 1334 1815 prae-

68 1812 191 1865 cipuis
210 1814 365 1853 Luciani
386 1812 536 1868 scopus.
557 1813 663 1853 Hinc
684 1813 746 1851 illa
761 1814 799 1851 in
820 1813 1066 1853 Aristotelem
1087 1815 1127 1854 δι
1144 1816 1333 1868 Peripate-

70 1867 173 1907 ticos
192 1867 349 1920 proelia.
372 1867 489 1906 Multi
512 1868 550 1906 in
574 1867 671 1906 hanc
693 1866 1046 1920 philosophantium
1068 1881 1332 1921 paupertatem

70 1918 273 1974 scripsere,
292 1921 338 1961 de
360 1921 499 1973 quibus
517 1920 640 1960 Cicer.
664 1920 778 1960 Tusc.
803 1935 818 1959 1
844 1923 885 1961 δε
909 1934 940 1972 5.
963 1923 1074 1962 Hanc
1093 1922 1202 1975 saepe
1223 1937 1331 1962 men-

15 2024 17 2026 *
71 1974 279 2014 dicentium
302 1975 433 2014 habitu
459 1974 708 2020 simulabant,
727 1987 816 2014 cum
840 1988 931 2026 pera
960 1988 1078 2023 auro,
1108 1976 1334 2029 lupinorum

71 2029 175 2077 vice,
190 2029 317 2081 plena:
332 2040 375 2068 ut
387 2029 425 2067 in
439 2028 540 2068 Dial.
554 2029 676 2068 Mort.
692 2028 819 2068 Piscat.
831 2027 979 2082 Catapl.
994 2031 1035 2070 ὅ(
1048 2030 1146 2069 alibi.
1159 2031 1335 2070 BOURD.

72 2081 215 2121 Sumfit
241 2082 288 2121 ab
319 2082 507 2121 Herodot.
531 2082 631 2131 VII,
663 2096 758 2129 102,
781 2081 829 2134 τῇ
850 2080 1006 2123 ‘emensi
1036 2084 1142 2124 πενίη
1162 2084 1231 2136 μὲν
1256 2085 1334 2126 αἰεὶ

75 2134 269 2187 σύντροφος
283 2136 376 2175 ἐστι.
392 2137 557 2175 HEMST.

129 2193 203 2228 ead.
222 2190 244 2229 l.
268 2190 326 2227 16.
340 2187 788 2241 Παραπαιὲοιγωγοῦσι)
805 2190 982 2230 Verbum
997 2191 1173 2244 elegans,
1184 2207 1337 2245 pravum

76 2242 190 2281 leniter
213 2244 389 2294 corrigere,
418 2255 517 2295 atque
540 2244 576 2281 in
595 2244 712 2282 melius
736 2255 874 2283 mutare.
897 2245 1088 2284 Plutarch.
1115 2244 1273 2285 feliciter
1296 2247 1337 2284 in

76 2297 311 2349 metaphoris
330 2297 453 2335 audax
471 2297 516 2336 de
536 2296 639 2335 Fort.
659 2297 774 2337 Rom.
800 2312 835 2350 p.
864 2312 934 2350 321
961 2299 1005 2337 B.
1028 2297 1246 2338 fabulosum
1262 2298 1337 2338 effe

78 2350 241 2389 affirmat
262 2351 434 2403 Egeriam
459 2350 622 2400 Σαίμονοι
646 2350 753 2399 σοφὴν
776 2364 908 2390 amore
923 2363 1075 2404 captam
1091 2365 1249 2404 operam
1273 2353 1338 2392 de-

16 2435 20 2437 -
79 2403 169 2443 diffe
191 2404 363 2450 Numae,
388 2404 428 2442 δι
456 2402 843 2458 παραπαιέαγωγεῖν
865 2404 930 2443 καὶ
954 2406 1254 2459 συσχηματίζειν
1273 2407 1339 2446 τὴν

81 2457 288 2497 πολιτείαν·
317 2457 500 2510 aptiffima
522 2457 646 2510 phrasi
661 2489 672 2506 ,
692 2459 782 2510 quia
806 2458 852 2497 de
876 2459 1054 2498 Romana
1078 2460 1232 2499 civitate
1256 2470 1341 2498 tan-

83 2519 165 2550 tum
181 2512 289 2565 quod
304 2521 416 2558 nata‘,
433 2512 474 2553 δι
494 2510 676 2552 Ιπᾶέὶεηυε
689 2510 833 2552 infante
852 2511 1067 2567 usurpatur.
1087 2513 1208 2555 Clem.
1221 2513 1341 2554 Alex·

999 2567 1096 2620 <23
