1737 3378
317 197 420 243 IN
484 195 992 244 SOMNIUM.
1200 205 1295 263 173²

36 283 238 325 Ieffionem
253 283 431 325 Pricaeus
452 284 503 325 fic
522 283 719 339 proferens
732 284 778 324 ad
798 284 900 324 Pauli
914 285 982 339 Ep.
998 281 1034 324 11
1050 283 1096 324 ad
1118 282 1294 325 Timoth.

34 338 92 386 11,
126 352 182 392 15.
204 339 407 379 Utrumvis
428 339 584 378 rectum.
599 338 725 377 IDEM.

92 392 184 443 Pag.
213 405 244 444 5.
273 393 295 431 l.
323 407 354 431 1.
377 391 547 432 Δύνατοιι
566 393 644 445 ’γέις
667 391 733 430 καὶ
761 389 896 443 τοῦτο)
919 391 1013 431 Meo
1040 390 1184 430 iudicio
1211 405 1293 432 me·-

35 444 109 484 lius
131 446 201 485 erit
224 446 360 484 mutari
376 444 677 484 distinctionem:
702 443 865 483 δύναται
886 445 990 495 γὰρ,
1009 446 1072 482 καὶ
1095 444 1203 484 τοῦτο
1218 445 1293 495 φύ-

37 499 132 538 σεώς
142 513 192 552 γε
214 498 286 538 &c.
304 499 446 537 Felices
459 498 523 536 filii
543 497 738 551 profecius
755 496 823 535 fibi
843 496 1047 548 amicisque
1059 509 1165 550 pater
1180 499 1293 551 spon-

37 552 100 592 det
115 583 127 601 ,
145 565 269 604 neque
290 552 451 599 dubitat,
469 551 561 604 quin
576 552 614 589 in
633 549 835 589 formando
857 550 904 588 ad
924 549 1141 588 statuariam
1158 552 1294 591 Lucia-

39 619 93 644 no
106 617 226 658 opera
248 605 401 644 minime
423 604 467 643 fit
488 605 668 658 peritura.
692 603 722 641 F
725 604 876 642 ormula
896 603 1081 653 quaedam
1102 603 1294 656 legitima,

40 659 204 698 stivam
221 661 327 711 γὰρ,
347 657 509 698 δύναται
527 657 620 710 γάρ.
640 655 866 696 Callimach.
881 656 931 694 H.
951 656 988 694 in
1007 656 1138 708 Apoll.
1158 671 1196 694 v.
1219 672 1267 710 29
1281 689 1295 706 ,

40 714 106 751 Τὸν
135 714 246 763 χορὸν
273 710 299 750 ὦ
322 711 482 751 ’στέλλων
509 711 585 751 διε.
616 707 781 760 Τιμῆσει·
808 709 969 749 δύναται
993 712 1096 760 γὰρ,
1121 710 1202 749 ἐπεὶ
1232 711 1297 750 Ati·

38 764 167 816 ὃεξιὸς
180 762 311 805 ἧσται.
332 766 371 803 in
394 765 482 804 Del.
507 778 545 805 v.
570 764 658 804 226.
675 764 816 803 Latinis
837 764 940 802 haud
959 764 1087 803 minus
1101 763 1293 804 usitatum.

37 819 169 862 Valet.
195 818 317 858 Flacc.
344 818 386 864 1,
415 831 485 872 13:

203 894 248 902 -
269 873 394 925 veffizm
410 872 526 923 proles
541 884 602 911 tua
617 874 746 924 pandet
765 872 904 910 Idumen
916 902 928 920 ‚

96 928 282 979 (Namque
295 927 401 979 potest
412 926 428 972 )
457 926 599 976 Solymo
620 926 654 963 6³
671 926 855 978 nigrantem
874 925 1010 977 pulvere
1024 924 1181 977 fratrem.

38 979 91 1019 ibi
110 979 219 1033 plura
243 989 355 1018 notat
381 978 431 1018 N.
457 978 656 1025 Heinsius,
682 980 724 1019 ὅ(
748 977 842 1018 Adr.
868 979 1005 1020 Behot,
1027 979 1187 1033 Apoph.
1215 980 1294 1029 111,

39 1046 74 1073 c.
102 1047 163 1073 20.
190 1033 352 1072 HEMST.

95 1089 169 1126 ead.
192 1087 218 1126 l.
244 1101 277 1126 2.
304 1085 470 1139 Δεξιῶς)
491 1086 642 1138 Anglic.
663 1086 706 1126 δε
727 1083 815 1124 Mff.
841 1084 991 1137 ἒεξιὲἱς,
1013 1086 1138 1126 minus
1151 1088 1295 1128 Attice.

40 1140 214 1181 BOURD.
236 1140 282 1180 In
303 1139 425 1180 Codd.
448 1139 496 1178 A.
514 1139 562 1178 R.
584 1139 624 1179 P.
645 1139 687 1178 «Sc
705 1139 746 1179 L.
766 1138 910 1191 ὃεξιᾶς·
934 1150 973 1179 at
989 1141 1078 1179 Vat.
1105 1155 1119 1179 1
1147 1140 1302 1192 δεξιῶς.

41 1194 144 1234 Vide
165 1194 277 1248 supra
293 1194 369 1234 hoc
392 1191 473 1246 ipso
491 1193 636 1246 capite,
663 1193 705 1232 δε
729 1192 814 1244 Τοξ.
838 1206 871 1232 c.
894 1207 956 1242 44.
982 1192 1053 1233 Ἑτ.
1073 1201 1120 1232 Δ.
1136 1194 1235 1243 VII,
1254 1193 1298 1236 οὗ

41 1248 147 1288 πάνυ
166 1247 303 1301 μορφῆς
329 1245 465 1294 εὐφυῶς
486 1245 655 1299 ἔχοντες·
678 1246 770 1300 {dde
795 1246 836 1286 &
858 1246 931 1285 Ein.
967 1258 1050 1300 cap.
1085 1261 1142 1287 11.
1167 1249 1232 1288 ubi
1257 1250 1298 1288 in

41 1301 159 1355 Impr.
180 1301 332 1353 quidem
353 1301 494 1353 legitur
509 1298 650 1352 μορφῆς
666 1301 704 1338 εὑ
726 1297 899 1341 {motio-025·
914 1313 988 1352 ego
1007 1313 1105 1341 vero
1120 1314 1209 1341 cum
1226 1316 1299 1352 eo,

43 1357 111 1408 qui
129 1356 169 1394 in
182 1355 281 1395 Cod.
297 1355 339 1394 L.
359 1355 395 1394 id
408 1353 616 1407 adscripsit,
631 1351 803 1405 ἕχουσοις
825 1354 974 1393 malim:
991 1353 1051 1394 sed
1073 1355 1159 1395 vide
1171 1387 1183 1405 ‚
1198 1369 1300 1409 quae

40 1409 116 1448 illic
137 1409 178 1447 in
199 1422 284 1448 eam
308 1422 389 1448 rem
414 1421 437 1447 a
461 1420 522 1447 me
547 1406 701 1461 aliisque
724 1407 829 1447 ultro
857 1408 1033 1460 citroque
1065 1407 1150 1448 sunt
1176 1410 1299 1451 allata.

42 1462 199 1502 SOLAN.
223 1463 327 1502 Nihil
351 1461 428 1510 est,
463 1462 568 1514 quod
593 1462 631 1515 in
661 1461 732 1500 hac
756 1460 880 1514 phrasi
903 1461 1105 1502 desideres:
1130 1462 1299 1504 similiter

42 1517 144 1556 enim
167 1516 329 1566 dicitur,
353 1529 397 1556 ac
416 1514 562 1566 φύσεως
580 1516 618 1553 εὐ
639 1513 752 1568 ἔχων.
776 1514 909 1554 Iulian.
931 1516 1030 1568 apud
1049 1515 1188 1566 Cyrill.
1214 1531 1301 1571 pag.

47 1584 124 1623 229
148 1570 189 1610 E.
213 1570 351 1610 Zosim.
371 1570 410 1617 I,
429 1583 464 1623 p.
498 1583 556 1608 12.
578 1582 714 1608 verum
732 1568 989 1622 conspirantes
1010 1571 1047 1608 in
1073 1569 1204 1620 δεξιᾶς
1223 1572 1302 1624 ple-

43 1625 157 1677 rique
181 1623 304 1664 Codd.
331 1624 414 1663 vitii
434 1621 681 1675 suspicionem
704 1633 878 1661 movent.
901 1622 1012 1675 Quid
1031 1623 1059 1662 fi
1082 1637 1102 1662 a
1129 1624 1302 1665 Luciano

46 1677 186 1718 fuerit?
222 1677 368 1729 φύσεως
400 1677 530 1731 τυχὼν
560 1675 703 1728 δεξιᾶς·
735 1677 938 1728 quomodo
972 1677 1167 1728 Archytas
1196 1680 1299 1731 apud

43 1731 150 1771 Stob.
175 1745 211 1784 p.
233 1746 309 1780 44,
330 1745 368 1771 v.
396 1746 446 1780 24
459 1762 470 1779 ‚
487 1729 636 1781 φύσεως
657 1725 828 1781 fiderem,
847 1744 890 1768 τε
911 1732 975 1770 καὶ
987 1732 1218 1780 μναμονικῖις
1235 1734 1302 1773 καὶ

45 1786 233 1837 emmam
262 1788 407 1837 τυχών·
433 1784 560 1826 nescio
584 1783 668 1836 quis
689 1784 789 1836 apud
815 1781 968 1822 suidam
992 1785 1030 1822 in
1053 1784 1198 1835 Πάριον·
1222 1786 1302 1837 φί-

45 1840 139 1879 σεώς
160 1853 203 1878 τε
227 1838 358 1891 ἒεξιᾶς
379 1840 615 1891 τετυχηκώς·
634 1836 717 1883 vel,
745 1836 896 1886 φύσεως
924 1837 1061 1889 λαχὼν
1082 1836 1215 1889 ἒεξιᾶς
1228 1870 1240 1888 ‚
1258 1851 1303 1879 ut

46 1892 296 1934 Democritus
310 1924 322 1942 ‚
340 1892 430 1932 teste
451 1892 583 1932 Dione
608 1889 806 1941 Chrysost.
828 1905 866 1944 p.
893 1904 964 1983 5133
991 1892 1035 1930 Β.
1052 1884 1208 1944 ἓὈμιιρος
1229 1894 1304 1944 φύ-

47 1961 139 1987 σεως
161 1947 300 1998 λαχὼν
327 1945 545 1997 θεαζούσης·
569 1946 610 1986 &
631 1946 676 1984 de
698 1944 772 1984 hoc
792 1944 875 1998 ipso
943 1946 1033 1984 ione
1059 1945 1266 1996 Synefius‚
1284 1947 1304 1986 ὃ

48 2000 96 2040 ἒὲ
113 2001 253 2053 λαχὼν
276 1999 419 2052 φύσεως
442 2000 562 2041 θείας·
585 2011 765 2039 neutrum
786 1998 871 2038 sane
896 2010 976 2037 tam
999 1999 1114 2051 longe
1135 2000 1183 2038 ab
1199 1999 1304 2053 ἔχων

47 2054 182 2100 distat,
200 2055 296 2108 quin
309 2085 322 2101 ,
340 2055 461 2107 prima
479 2054 589 2093 litera
609 2067 677 2106 per
698 2052 927 2092 vetustatem
947 2053 1224 2101 evanescente,
1248 2053 1305 2094 fa-

49 2108 121 2149 cile
147 2109 316 2161 potuerit
334 2109 371 2146 in
395 2107 494 2147 illam
518 2120 658 2147 vocem
680 2106 797 2145 abire.
816 2106 1035 2146 Commode
1057 2120 1216 2160 quoque
1233 2108 1307 2159 φύ-

51 2177 117 2202 σις
129 2161 254 2214 δεξιά·
278 2162 456 2202 Malchus
475 2161 576 2215 apud
597 2161 748 2200 Suidam
763 2160 802 2198 in
815 2163 1078 2213 Παμπρέπισς·
1091 2160 1200 2200 Φύσει
1214 2166 1305 2214 πρὸς

50 2213 217 2255 ἅπαντα
239 2215 350 2268 Σεξιᾷ
371 2217 626 2269 χρησάμενος·
651 2214 691 2254 &
720 2213 843 2266 Σεξὼς
865 2215 929 2254 τὴν
945 2212 1059 2265 φύσιν
1078 2215 1117 2253 in
1138 2229 1178 2254 v.
1204 2216 1305 2254 Γενέ-

47 2273 162 2309 θλιος.
182 2271 345 2310 HEMST.

105 2326 177 2362 ead.
204 2325 229 2364 l.
258 2339 292 2377 3.
324 2323 418 2363 ‘'sm-*o
448 2321 519 2364 τῶν
548 2321 615 2376 ἐξ)
647 2322 748 2375 Lege
774 2320 866 2362 ἀπό.
890 2321 1028 2362 BROD.
1063 2321 1177 2374 Angl.
1211 2321 1306 2362 olor&

51 2377 223 2419 Bonan.

107 2434 180 2470 ead.
210 2432 234 2471 l.
268 2442 301 2484 5.
328 2429 610 2483 Ἀνέπλοιττον)
635 2429 692 2470 Ex
717 2430 792 2469 hoc
821 2428 974 2482 puerilis
1007 2427 1112 2468 lusus
1137 2428 1307 2468 obleetas

52 2496 208 2535 mento,
235 2483 264 2526 si
288 2483 398 2539 supra
417 2496 578 2526 aetatem
601 2484 808 2539 procedere
825 2484 1043 2532 videretur,
1068 2483 1202 2525 indolis
1225 2495 1306 2527 ma-⁴
