1737 3378
319 230 407 276 IN
461 229 1088 278 PROMETHEUM.
1247 248 1339 294 473

0 309 14 345 ¹·
74 328 151 371 ego
162 317 387 372 amplector,
399 319 444 357 ad
456 333 573 372 quam
587 319 921 359 constabiliendam
935 320 1106 372 pluribus
1119 332 1217 374 opus
1229 319 1345 368 foret,

76 384 194 424 quam
207 386 306 424 quae
323 374 448 424 capiat
462 374 524 412 lex
538 385 721 413 notarum
738 373 983 426 praescripta:
1005 375 1218 413 Lucianum
1232 375 1270 412 in
1282 387 1346 413 ea-

77 426 162 463 dem
176 424 281 465 fuisse
295 427 478 477 opinione
489 457 502 472 ,
522 439 570 466 ex
588 428 718 467 multis
735 428 816 466 eius
831 428 927 466 locis
945 427 1056 480 plane
1068 428 1193 479 colligi
1209 427 1344 480 potest.

75 478 164 518 Vid.
179 478 380 519 Demosth.
391 481 433 519 in
445 481 605 520 Macart.
620 495 655 534 p.
674 480 772 533 1038
787 480 834 521 C.
846 480 898 520 D.
913 480 1007 520 Poll.
1020 482 1054 527 1,
1074 480 1136 520 28.
1150 482 1316 521 HEMST.

127 536 201 572 ead.
214 534 238 572 l.
259 547 273 571 1
283 548 317 572 2.
331 532 402 573 ἜΛ.
416 535 497 584 περὶ
509 534 671 587 καπνῷ)
685 535 847 573 Homer.
862 533 903 572 11.
922 537 950 571 A
963 565 974 582 ,
992 549 1009 587 3
1022 548 1079 584 ¹7·
1093 535 1234 574 BROD.

128 589 201 625 ead.
213 587 237 625 l.
260 601 317 640 13.
333 586 536 640 Ἣμετὲρᾳ)
553 589 616 627 An
632 584 813 640 ὑμετέρῳ,
834 588 956 641 placet
972 590 1106 640 magis,
1118 600 1161 627 ut
1176 590 1220 627 ad
1234 589 1344 628 Deos

75 639 293 680 accusantes
305 640 574 680 Prometheum
587 640 786 681 referatur.
799 640 1158 694 GulfiTf‘spsu‘pu)
1169 642 1213 681 111
1224 645 1348 682 omni-

75 693 148 733 bus
165 694 267 734 libris
286 695 425 747 legitur
445 694 621 746 ἦμετέρᾳ.
639 694 818 734 absurde:
837 695 1082 748 probabunt,
1100 696 1236 742 credo,
1258 698 1344 735 beili

76 747 253 787 homines
268 748 438 788 nostram
452 749 774 788 emendationem.
786 749 992 802 Postquam
1006 749 1101 789 haec
1113 747 1345 803 scripsissem,

73 800 114 839 in
129 803 173 840 B.
191 817 225 841 2.
244 802 295 841 ita
310 801 412 842 reete
425 803 669 843 emendatum
683 802 757 843 effe
770 803 856 842 vidi.
874 804 1032 843 SOLAN.

128 859 201 894 ead.
219 857 243 895 l.
269 855 327 895 16.
343 853 480 908 Ἡμῶν)
503 856 625 908 Ὕμῶν
640 857 878 896 scribendum
899 858 1061 896 videtur.
1077 856 1232 898 GUIET.

130 910 222 961 Pag.
242 911 364 963 155.l.
386 922 417 962 5.
431 903 599 959 ’Ὄγκα-ο)
627 911 801 950 Gaudcas.
814 911 954 950 BRoD.
968 911 1136 950 Adducit
1148 911 1222 951 Th.
1238 911 1344 964 Mag.

74 963 114 1001 in
135 962 340 1015 Ὠνὺο-ομαι
354 993 365 1011 ,
390 977 554 1004 monens
574 964 747 1004 Atticum
780 964 853 1004 effe
877 964 1014 1014 (ἒν-ἥμην
1036 965 1075 1004 &
1096 965 1346 1010 concinnius,

73 1030 191 1069 quam
211 1016 370 1067 ὠνάμην.
387 1017 492 1057 Idem
518 1029 763 1072 praeceperat
779 1018 987 1070 Phrynich.
1012 1033 1048 1071 p.
1067 1018 1102 1057 8.
1115 1019 1253 1059 '‘Omra-0
1279 1020 1344 1058 ubi

72 1071 259 1123 repererit
273 1071 486 1121 Brodaeus,
498 1074 650 1125 ignoro,
670 1072 739 1112 nifi
751 1073 857 1126 quod
871 1071 1036 1112 fimiliter
1050 1072 1202 1113 videtur
1217 1072 1346 1126 legiss'e

73 1124 314 1164 Scholiastes.
333 1126 500 1165 HEMST.

128 1182 203 1218 ead.
218 1180 243 1218 l.
262 1180 297 1218 6.
308 1178 375 1230 *Ἐξ
387 1181 450 1219 καὶ
464 1179 583 1233 δέκα)
595 1179 656 1219 Sic
667 1179 771 1219 Dial.
785 1179 860 1234 seq.
873 1180 972 1220 XVI
983 1180 1169 1220 vultures.
1184 1181 1343 1221 SOLAN.

129 1236 202 1272 ead.
219 1234 243 1272 l.
258 1247 296 1285 9.
311 1234 453 1273 Μάντις
468 1233 539 1286 ὢν)
562 1235 653 1273 Non
667 1245 775 1274 vates
799 1246 948 1273 tantum
960 1265 971 1282 ,
989 1235 1140 1287 qualem
1156 1233 1193 1274 se
1207 1235 1346 1287 probat

75 1285 181 1326 Dial.
203 1286 277 1340 seq.
295 1285 356 1325 sed
370 1289 499 1326 omnis
513 1289 593 1327 fere
617 1289 843 1327 vaticinandi
857 1289 944 1327 artis
964 1288 1218 1336 monstrator;
1241 1290 1346 1341 quod

74 1339 153 1393 ipse
164 1339 210 1380 de
225 1340 261 1380 se
277 1341 467 1392 praedicat
479 1343 517 1380 in
531 1341 715 1393 Aeschyli
727 1342 856 1382 Prom.
870 1342 921 1381 V.
936 1357 975 1380 v.
990 1342 1079 1396 483.
1099 1343 1194 1381 Exta
1209 1342 1348 1382 dicitur

73 1393 273 1446 inspexisse
286 1394 450 1434 Caucafi
465 1395 625 1449 pastoris
637 1395 776 1435 dissecti
786 1397 889 1450 apud
903 1396 1092 1436 Plutarch.
1106 1396 1151 1436 de
1166 1396 1290 1436 Flum.
1310 1398 1346 1436 in

73 1447 250 1495 Phafide,
271 1448 332 1486 sed
348 1449 438 1489 loco
452 1460 529 1489 tam
545 1460 734 1503 corrupto
746 1481 760 1496 ,
781 1463 824 1489 ut
843 1464 1000 1504 operam
1015 1451 1055 1489 in
1075 1464 1123 1490 eo
1138 1451 1357 1490 abutantur*

77 1501 122 1540 &
139 1502 356 1542 Maussacus
367 1534 377 1551 ‚
398 1504 439 1543 &
450 1504 579 1543 Mauss
577 1517 648 1544 aco
661 1505 778 1557 longe
791 1506 916 1544 maior
928 1505 1072 1544 Thom.
1086 1504 1285 1544 Reinefius
1296 1506 1349 1544 V.

76 1555 121 1594 L.
142 1555 179 1602 Ι,
195 1570 227 1596 c.
246 1571 282 1605 1,
296 1570 332 1610 p.
344 1572 380 1605 4.
397 1558 503 1611 Ego,
520 1557 547 1596 fi
562 1558 647 1598 licet
663 1572 859 1611 reparare,
879 1572 977 1612 quae
991 1560 1086 1597 mihi
1099 1560 1282 1598 videntur
1295 1561 1349 1598 in-

75 1609 285 1658 tercidiffe,
306 1609 440 1650 sanum
465 1611 686 1665 praestabo:
711 1613 776 1650 καὶ
796 1613 846 1652 εἰς
870 1613 1108 1675 Κῗοκὸἇειλον
1129 1613 1172 1665 (ὃ
1196 1614 1347 1666 Κρόνος)

74 1664 375 1717 μεταμορφωθεὶς
390 1664 561 1706 ἐ’).οι9ςν·ὃ
581 1665 626 1705 δὲ
651 1666 858 1718 Προμηθεὺς
881 1664 944 1705 ἕνα,
962 1666 1034 1706 τῶν
1053 1667 1250 1720 ἐγχωρίων
1267 1683 1350 1705 ποι-

76 1717 177 1769 μένα
190 1718 387 1757 Καύκασον
405 1720 627 1770 ἀναταμὼν,
641 1721 705 1758 καὶ
721 1717 960 1761 κατανοήσας
973 1717 1092 1760 αὐτοῦ
1104 1722 1172 1761 τὴν
1185 1720 1351 1761 διάθεσιν

78 1770 152 1811 τῶν
171 1772 434 1825 σπλάγχνων,
447 1771 550 1814 εἶπεν
563 1774 636 1827 (an
648 1774 779 1827 potius
795 1772 921 1827 eTs-sv)
938 1771 976 1812 οὐ
989 1778 1140 1827 μακρὴν
1157 1771 1248 1815 εἶναι
1263 1774 1350 1814 τοὺς

77 1826 292 1876 πολεμίους.
307 1828 414 1867 Haec
428 1827 456 1866 fi
470 1828 556 1881 quis
570 1829 783 1881 improbet,
797 1829 829 1868 is
844 1829 956 1869 nobis
968 1830 1147 1881 expediat
1159 1831 1349 1868 rationem

78 1892 234 1926 eorum,
245 1894 343 1933 quae
357 1882 475 1933 paulo
488 1881 574 1936 post
588 1881 892 1935 consequuntur.
906 1883 1028 1921 Simul
1044 1884 1131 1923 hinc
1144 1883 1215 1922 alia
1230 1880 1353 1936 quae-'

78 1934 167 1973 dam
187 1934 334 1974 constat
347 1934 480 1983 causa,
499 1949 568 1975 cur
585 1936 838 1976 Prometheus
850 1937 897 1976 ad
910 1936 1126 1976 Caucasum
1143 1936 1259 1976 fuerit
1271 1937 1351 1976 affi-

81 2001 173 2027 xus:
189 2001 289 2040 quae
304 1988 332 2030 fi
347 1989 448 2029 forte
461 2003 573 2037 vera,
596 1990 670 2029 iam
686 1990 818 2030 oleum
834 1991 875 2030 ἃς
889 2003 1006 2043 opera
1020 1991 1132 2042 plane
1146 1992 1300 2044 perierit
1313 1992 1352 2030 in

77 2042 155 2082 hoc
171 2042 300 2082 libello
319 2044 531 2084 veteratori
547 2043 795 2084 callidiffimo.
812 2044 884 2084 Sed
902 2045 940 2083 in
961 2043 1089 2084 fabula
1110 2045 1354 2092 Ρτοιῑιεῑῖιεὶ,

80 2096 411 2149 quemadmodum
431 2099 468 2136 in
484 2096 672 2151 plerisque
693 2099 797 2144 aliis,
819 2111 864 2138 ea
886 2110 1062 2138 veterum
1082 2097 1136 2138 est
1159 2098 1354 2145 diss‘ensxo,

81 2163 185 2201 quae
199 2151 240 2189 in
255 2151 500 2191 concordiam
516 2153 681 2192 omnino
694 2153 810 2204 redigi
823 2166 902 2191 non
917 2151 1050 2204 p0ffi13
1070 2166 1187 2205 quam
1204 2166 1284 2193 rem
1299 2153 1354 2192 la-

81 2205 159 2244 tius
172 2204 403 2257 pertractare
416 2204 632 2245 nostrarum
649 2219 727 2245 non
743 2206 796 2245 est
808 2207 987 2258 partium.
1003 2207 1167 2245 HEMST.

135 2261 210 2297 ead.
225 2259 249 2297 l.
268 2272 324 2297 12.
337 2260 418 2304 Τις)
438 2260 639 2307 Hercules,
653 2273 674 2298 a
688 2273 770 2312 quo
786 2261 900 2300 etiam
914 2259 1080 2299 solutum
1094 2273 1183 2300 eum
1196 2260 1353 2314 quidam

80 2311 279 2351 tradidere.
289 2313 390 2351 Vide
402 2312 491 2352 Hes.
505 2320 550 2352 Θ.
573 2315 656 2363 526.
669 2312 827 2352 SOLAN.

135 2369 207 2404 ead.
224 2367 247 2404 l.
267 2380 324 2419 13.
341 2367 782 2420 'Aoige-toe1)Hercuies:
807 2369 882 2408 hoc
898 2368 1073 2421 proxime
1093 2367 1253 2422 sequens
1274 2368 1354 2407 dia-

79 2418 195 2472 logus
209 2421 365 2472 aperiet.
380 2420 521 2461 Egon.

136 2474 215 2512 ibid.
231 2474 546 2526 Κατατοξεύσων)
562 2474 726 2515 Diodor.
742 2475 815 2514 Sic.
831 2476 904 2525 IV,
919 2491 955 2528 p.
976 2490 1043 2530 155
1063 2475 1117 2515 D.
1132 2478 1194 2516 τὶν
1209 2476 1277 2526 μὲν
1289 2476 1352 2515 Σιε-

80 2528 146 2568 τὶν
162 2526 439 2581 κατετέξευσε,
461 2532 524 2569 τὶν
540 2528 584 2568 Σὲ
613 2530 691 2569 Δία
715 2530 857 2570 πείσας
878 2531 991 2583 λῆξαι
1019 2529 1086 2571 τῆς
1108 2529 1216 2584 ὀργῆς
1239 2529 1354 2571 ἔσωσε
