1737 3378
294 215 1021 264 INNIGRINUM.
1196 211 1285 275 283

28 301 108 356 gfffi
125 303 233 344 iuvat.
252 306 305 344 V.
324 304 512 345 Plutarch.
532 319 655 355 συμτ.
669 305 799 357 προβλ.
816 303 875 349 11,
895 318 930 350 2,
949 301 1070 356 1096,
1091 316 1107 341 ι
1126 315 1135 341 :
1153 300 1206 353 μὴ
1226 301 1291 340 ‹3¹0-

26 357 152 412 -xffiyaerv
161 356 209 406 τῆ
221 354 354 407 αὖλείῳ
371 363 431 398 τὸν
443 358 553 400 τύψον
568 359 830 397 ἀποκλείοντες
841 357 1007 410 εἰσάγειν
1020 355 1067 405 τξῖ
1082 354 1293 408 παραθύρῳ.

30 410 91 450 Ex
103 412 245 464 quibus
260 413 386 452 verbis
398 411 656 451 emendandus
673 412 735 450 hic
745 411 869 459 locus,
881 410 920 448 δὲ
935 410 1134 462 legendum
1151 409 1198 459 τῇ
1213 425 1293 448 erot-

30 463 182 517 ραθὺρῳ,
199 478 314 516 quam
335 478 474 505 vocem
496 466 532 503 in
551 465 682 505 lexicis
697 463 830 503 frustra
849 477 1034 516 quaeras,
1054 476 1290 516 quamquam

32 519 157 570 proba
177 518 254 564 est,
277 519 319 559 δε
337 520 496 572 posticum
510 528 632 557 notat.
654 518 811 556 Sor-AN.
832 515 1010 556 Erasmus
1026 527 1199 564 vertens,
1220 518 1291 555 iam

31 570 68 608 ἃ
78 584 212 622 praeter
225 572 335 624 cafizm
354 573 508 618 incitati,
526 571 807 611 Terentianum
830 570 920 609 illud
941 570 1138 621 adagium,
1159 571 1213 607 Ita
1224 569 1290 620 fa-

28 625 131 676 gias,
152 641 193 663 ne
211 638 342 678 praeter
365 626 502 677 casam,
523 637 604 677 quo
631 625 840 664 Lucianum
863 622 1060 676 respexiss'e
1085 623 1290 675 opinatur,

30 678 188 717 minime
200 679 386 732 percepit:
403 679 488 718 eius
499 678 653 717 enodati
664 678 815 717 laudem
830 677 1011 716 debemus
1022 707 1032 722 ‚
1049 676 1111 715 cui
1125 687 1185 715 tot
1200 677 1291 725 alia,

29 729 60 770 1.
79 731 140 770 Fr.
155 731 366 772 Gronovio
382 731 476 772 Obs.
495 730 571 777 ΠΙ,
588 744 620 770 c.
639 745 675 783 9.
695 731 785 770 nihil
800 745 894 783 ergo
909 731 1006 770 inter
1019 729 1114 769 istud
1133 742 1290 781 prover-

30 785 138 824 bium
153 787 195 826 &
205 786 361 826 Luciani
378 786 495 825 verba
507 784 560 825 est
573 798 792 825 commune.
808 785 1083 837 Quamobrem
1096 782 1197 822 reae
1207 784 1293 835 qui·

30 838 115 878 dem
133 840 186 878 H.
202 839 331 892 Steph.
347 839 632 878 animadvertit:
654 855 779 885 vereor,
790 852 826 878 ut
838 839 935 877 nimis
947 838 1094 877 violenta
1099 839 1148 889 fit
1162 836 1291 889 (Eras-

31 892 110 946 mi)
131 893 377 944 interpretatio,
398 894 433 932 δ’
452 893 505 932 Ιιὶε
528 893 675 931 1,αεὶαηὶ
693 893 787 931 locus
806 893 957 938 obtorto,
978 894 1070 944 quod
1084 892 1196 936 aiunt,
1221 891 1292 929 col-

29 946 64 985 lo
81 948 132 984 ad
140 947 258 986 Latini
268 947 431 1000 proverbii
440 947 574 999 finfimz
587 948 675 985 trahi
690 947 861 985 videatur:
878 945 938 985 sed
961 945 1036 998 ipse
1052 975 1062 991 ‚
1085 957 1175 983 cum
1191 944 1291 983 haud

29 997 125 1039 scire
143 998 180 1039 se
198 1001 354 1040 testatur
365 1029 376 1045 ‚
401 1017 447 1039 an
465 999 576 1052 rcftm'
588 1003 687 1053 poffit
705 1003 753 1038 ad
771 1001 827 1047 id,
847 1003 937 1053 quod
948 999 1050 1052 saepe
1062 999 1184 1050 legitur
1196 1001 1297 1051 apud

32 1053 201 1107 historicos
211 1084 222 1100 ‚
243 1055 301 1108 qui
321 1053 533 1106 describentes
549 1070 704 1107 magnam
718 1054 888 1093 hominum
906 1055 1036 1092 turbam
1051 1053 1196 1091 certatim
1211 1066 1292 1103 pro·

24 1108 218 1159 perantium
234 1109 410 1159 irrumpere
429 1109 465 1146 ἱη
483 1108 627 1161 aliquem
651 1107 761 1147 locum
769 1137 782 1153 ,
800 1108 914 1146 dicunt
928 1123 983 1146 eos
1001 1105 1192 1158 ὦθίζεσῦαι
1208 1105 1292 1157 περ)

29 1163 106 1200 τὰς
120 1160 232 1214 &Spar
246 1163 301 1201 vel
311 1163 383 1201 τὰς
398 1161 550 1207 πύλας,
565 1160 812 1200 vehementer
825 1160 988 1200 fallitur:
1011 1173 1097 1199 nam
1112 1160 1218 1211 quod
1229 1160 1294 1198 ad-

32 1214 106 1260 dit,
122 1214 241 1266 fizteor
257 1215 386 1268 quidem
404 1231 471 1254 non
488 1214 570 1267 περὶ
587 1214 701 1265 Βὺροεν
720 1215 774 1253 ln'c
790 1215 878 1266 legi,
890 1215 955 1266 sed
966 1213 1086 1265 ’παρά-
1104 1229 1216 1252 verum
1231 1214 1298 1263 n‘si

30 1283 170 1308 errorem
185 1269 315 1307 librarii
327 1270 381 1306 hic
396 1268 456 1319 effi’
467 1268 734 1322 fistuca-bimur,
753 1270 863 1319 παρὰ
877 1268 988 1320 ᾕὸρκν
1009 1268 1063 1306 hic
1085 1268 1134 1305 ita
1149 1267 1294 1317 accipere

25 1323 232 1376 poterimus,
249 1335 289 1362 ut
305 1326 402 1374 apud
418 1323 679 1375 Aristophanem
699 1324 806 1375 παρὰ
823 1321 890 1361 τὴν
907 1320 1052 1361 §wodor
1072 1336 1136 1373 pro
1161 1322 1266 1359 amb.
1281 1351 1294 1366 ,

29 1388 272 1429 nequaquam
287 1375 489 1429 respondet
502 1376 547 1414 ad
564 1375 664 1414 illam
675 1406 688 1421 ‚
708 1386 853 1428 quanta
869 1376 1001 1415 eratin
1016 1375 1067 1414 H.
1082 1375 1295 1427 Stephano,

29 1429 225 1470 literarum
236 1430 481 1470 Graecarum
496 1430 781 1482 cognitionem:
807 1429 884 1469 hoc
902 1441 1028 1468 tamen
1044 1442 1065 1468 a
1081 1428 1295 1468 Boumelo·-

30 1484 89 1523 tio
111 1485 319 1525 recoctum.
336 1482 538 1522 Veriffime
553 1483 748 1522 Brodaeus
769 1484 973 1536 explicuit,
995 1496 1063 1522 nec
1083 1483 1294 1534 quidquam

32 1538 195 1577 omnino
219 1538 272 1577 est
292 1537 528 1576 mutandum.
546 1536 610 1576 De
628 1537 818 1576 Plutarchi
842 1536 888 1586 τῖι
907 1535 1104 1589 παραθύρῳ
1122 1536 1295 1575 Torren-

30 1591 130 1630 tium
147 1591 235 1631 vide
249 1592 297 1630 ad
312 1593 448 1631 Horat.
464 1591 482 1630 Ι
500 1591 568 1643 Ep.
580 1592 634 1638 V,
652 1604 714 1643 31.
734 1591 819 1630 Nos
837 1590 914 1630 hoc
928 1590 974 1630 de
993 1600 1080 1630 toto
1099 1590 1190 1630 loco
1204 1589 1296 1630 alias

31 1644 206 1698 pluribus
225 1658 394 1698 agemus.
414 1646 578 1684 HEMST.

87 1702 159 1740 ead.
178 1701 201 1738 l.
227 1714 286 1752 13·
306 1697 567 1751 Eokoenaetlstv)
586 1698 811 1750 soloecismus
831 1711 900 1750 per
916 1698 1205 1738 translationem
1221 1694 1297 1735 late

0 1778 1 1783 =
31 1753 242 1806 accipitur,
264 1764 308 1792 ut
327 1752 511 1806 quidquid
534 1764 730 1805 perperam
755 1751 818 1798 fit,
843 1765 913 1791 nec
933 1751 1053 1799 recte,
1072 1765 1143 1790 nec
1161 1750 1296 1789 ordine

32 1807 230 1859 peragitur
242 1838 254 1854 ‚
277 1807 427 1846 dicatur
438 1806 665 1858 fhloecisrnus.
685 1805 749 1845 De
762 1806 838 1846 hoc
853 1804 998 1844 affatim
1015 1806 1060 1844 ad
1080 1806 1233 1845 Lucian.
1251 1805 1296 1843 de

33 1860 160 1900 Saltat.
182 1860 407 1914 scripfimus,
425 1860 573 1900 COGN.
593 1858 849 1899 Soloecismus
866 1873 944 1899 non
959 1858 1084 1899 solum
1100 1859 1138 1897 in
1152 1859 1297 1907 verbis,

33 1912 96 1953 sed
109 1915 220 1953 etiam
237 1916 274 1953 'm
297 1913 405 1954 fatus
417 1944 430 1960 ,
454 1915 496 1954 &
515 1913 567 1953 fic
591 1914 796 1966 aliquando
812 1912 970 1966 usurpat
985 1912 1180 1953 Aristotel.
1196 1914 1296 1951 unde

32 1968 169 2014 miror,
193 1968 362 2009 Gellium
379 1981 412 2007 c.
435 1968 501 2015 20,
522 1967 546 2006 1.
572 1980 616 2018 5,
636 1967 815 2015 scribere,
835 1966 871 2006 se
887 1968 992 2020 *apud
1007 1967 1181 2007 Graecos
1200 1967 1299 2005 hanc

34 2034 176 2062 vocem
195 2034 275 2062 non
296 2021 618 2074 legisse-Eoum).
633 2020 693 2060 Sic
717 2021 907 2060 Plutarch.
924 2021 986 2067 11,
1010 2035 1046 2074 p.
1075 2034 1147 2073 520
1169 2020 1213 2059 Β.
1236 2034 1299 2059 σσ-

35 2078 230 2125 λσικιο-μὶν
246 2075 323 2121 βίου
343 2076 444 2114 dixit.
463 2077 650 2114 KusTER.
665 2075 769 2114 Vide
791 2075 904 2115 etiam
918 2075 1030 2128 Ὀρχ.
1051 2087 1135 2128 cap.
1157 2072 1229 2120 80,
1257 2074 1298 2113 δε

37 2141 138 2182 quae
152 2129 202 2168 ibi
220 2142 241 2167 a
258 2142 320 2168 me
336 2139 466 2168 notata
480 2128 574 2168 sunt.
590 2129 746 2168 SOLAN.

90 2186 162 2222 ead.
178 2184 202 2222 l.
223 2197 281 2232 15.
300 2181 371 2220 Τοῦ
394 2181 549 2234 Μώμου)
574 2182 733 2221 Aristot.
756 2182 801 2221 de
820 2181 921 2221 Part.
947 2181 1079 2221 Anim.
1099 2179 1176 2229 ΙΙΙ,
1194 2194 1228 2220 c.
1252 2196 1297 2228 2,

37 2237 211 2277 meminit
232 2237 357 2276 Momi
371 2267 382 2284 ‚
407 2236 472 2288 qui
486 2235 871 2282 naturamincusarit‚
891 2236 998 2288 quod
1009 2235 1134 2274 bobus
1153 2247 1300 2274 cornua

35 2289 76 2329 in
93 2292 239 2344 capite,
259 2303 305 2330 ac
326 2303 406 2329 non
427 2291 465 2328 in
489 2292 603 2328 armis
623 2291 751 2342 potius
776 2289 955 2329 addiderit
969 2305 980 2336 3
996 2289 1192 2336 videlicet,
1217 2302 1299 2340 quo

35 2344 304 2384 vehementius
329 2342 468 2398 poflint
486 2342 610 2383 ferire.
634 2344 696 2382 Ad
716 2343 822 2395 quod
843 2342 1002 2382 allusiffe
1026 2343 1178 2381 videtur
1201 2342 1299 2381 idem

19 2395 248 2446 ,Lucianus‚
268 2411 356 2437 cum
378 2399 415 2436 in
433 2396 470 2435 II
488 2399 580 2436 Ver.
595 2397 707 2436 Narr.
723 2398 824 2436 libro
843 2396 970 2436 scribit
983 2427 995 2442 ,
1018 2395 1055 2435 se
1077 2394 1208 2434 vidiffe
1229 2396 1300 2434 bo-

38 2463 107 2490 ves
129 2450 332 2504 quosdam,
350 2451 489 2504 quibus
505 2463 653 2490 cornua
668 2450 824 2491 inessent
837 2463 915 2490 non
932 2451 969 2489 in
985 2450 1113 2490 fronte
1131 2480 1141 2497 ,
1165 2462 1298 2501 quem-

38 2504 241 2546 admodum
259 2505 438 2560 reliquis,
456 2503 518 2544 sed
532 2503 600 2544 sub
620 2506 762 2555 oculis⁵
782 2505 897 2559 idque
915 2504 967 2545 ita
980 2502 1102 2547 visum
1121 2502 1193 2544 effe
1210 2503 1298 2543 Mo-
