1737 3378
338 241 967 288 ΡΗΑΕΈΑΤῙΟ.
1098 253 1315 291 Lxxxn(

39 351 231 393 mendamm
249 347 319 390 iam
341 349 378 389 in
401 362 561 390 contextu
592 349 741 390 Luciani
767 350 940 389 inventum
967 348 1031 398 iri,
1055 365 1156 402 quam
1179 350 1215 390 in
1235 353 1313 392 edd.

41 405 187 445 aliarum
214 405 299 444 ulla.
323 405 440 456 Quare
451 406 568 444 LeHor
585 421 653 443 non
676 417 746 443 tam
761 405 926 455 respiciet,
949 416 1030 456 quot
1040 403 1163 456 forsan
1182 421 1313 445 reman-

31 459 161 513 serint,
188 474 291 512 quam
315 471 398 512 quot
411 458 552 512 sublata
564 460 662 509 fint:
679 473 742 510 pro
766 458 873 496 tribus
890 458 979 496 enim
1001 459 1114 510 rursus
1135 461 1285 513 admiffi's
1295 490 1312 507 ,

43 525 162 554 contra
180 513 236 552 vel
255 513 394 564 triginta
423 512 486 565 effe
509 512 684 552 emendata
708 512 933 564 deprehendet.

96 567 138 606 In
158 566 492 606 commentationibus
512 578 626 605 autem
648 566 729 605 meis
752 567 915 604 interdum
935 581 958 603 a
977 579 1028 603 me
1047 578 1212 614 erratum,
1226 579 1314 614 aut,

35 622 75 674 fi
96 621 228 665 mavis,
250 632 424 672 peccatum
445 620 509 672 effe
531 636 604 659 mea
626 620 751 672 culpa,
771 619 838 671 sed
856 635 917 673 per
930 620 1196 671 properationem
1210 649 1220 664 ‚
1242 622 1319 665 iam.

40 674 255 729 deprehendi:
280 689 382 726 quare
403 675 439 713 in
461 674 644 713 Addendis
656 675 827 728 potiffima
840 673 1002 725 corrigam
1015 703 1027 720 ,
1039 675 1077 724 fi
1095 675 1193 712 modo
1207 674 1243 711 6³
1261 677 1312 712 ad

40 743 82 768 ea
99 728 334 780 fitbiungenda
356 741 485 781 tempus
505 730 730 777 concedatur,
753 730 846 781 quod
859 731 897 780 si
918 743 986 766 non
1002 726 1230 779 fitpersuerit,
1246 728 1315 765 Le-

6 798 10 809 ¹
41 784 112 822 flor
128 782 261 821 veniam
279 783 373 821 dabit
390 783 426 821 in
447 782 554 822 aliam
574 786 778 834 occasionem
794 783 829 821 δ’
847 799 886 821 ea
903 782 1058 820 reiicienti
1069 811 1083 827 ,
1102 796 1186 834 quae
1192 780 1317 833 subin-

40 838 81 876 de
106 835 143 874 in
170 836 261 875 notis
279 838 419 889 promisi
444 837 640 876 accuratius
659 837 697 876 in
721 838 904 876 Addendis
930 848 1092 874 excutere.

97 890 245 929 Luciani
269 891 377 931 vitam
393 891 593 944 promiserat
608 890 798 938 solanus,
821 906 881 929 nec
895 891 1112 937 dubitabam,
1135 890 1216 941 quin
1236 905 1311 929 eam

41 943 112 984 iam
138 943 336 996 conjecerit,
363 961 439 985 cum
461 947 504 983 ab
529 961 620 985 anno
647 960 730 997 '720
745 975 757 991 ,
788 961 852 998 quo
869 944 908 996 se
928 943 1019 996 suas
1043 947 1092 982 ad
1118 945 1314 983 Lucianum

41 1010 145 1039 notas
161 999 374 1052 typographo
397 999 568 1051 tradidiſj'e
586 999 752 1052 scriptum
776 999 927 1053 reliquit,
950 998 1132 1050 velfizltem
1155 1000 1200 1036 ab
1221 1014 1315 1036 anno

46 1067 133 1104 1723
146 1081 158 1097 ‚
177 1068 242 1106 quo
259 1055 491 1093 additamenta
515 1054 631 1100 etiam,
645 1055 766 1106 quibus
789 1069 847 1092 eas
863 1053 990 1098 auxit,
1007 1055 1056 1090 ad
1060 1053 1166 1102 finem
1181 1052 1220 1103 fi·
1233 1067 1312 1105 per-

42 1105 179 1158 duxlffe
203 1109 362 1160 testatur,
373 1108 465 1159 fiztis
475 1107 587 1161 spatii
607 1111 656 1146 ad
676 1108 715 1145 id
727 1109 963 1160 praestandum
982 1105 1133 1158 habuiſje
1155 1106 1314 1153 videtur3

41 1161 197 1201 decennio
217 1162 303 1200 enim
322 1162 357 1200 δ’
376 1163 521 1215 amplius
535 1162 749 1215 stipervixit:
765 1161 861 1213 spem
883 1161 998 1200 deinde
1018 1175 1146 1212 quoque
1159 1161 1246 1211 jecit
1254 1175 1317 1211 pe-

41 1214 100 1255 riti
126 1230 212 1254 zmus
233 1215 342 1255 omnis
360 1216 570 1267 elegantioris
588 1215 779 1254 literaturae
801 1213 1133 1261 Hemsterhufius‚
1155 1214 1196 1266 se
1219 1215 1314 1252 illam

42 1269 152 1308 vitam
173 1269 435 1323 conscripturum
447 1285 463 1317 ;
483 1271 576 1323 quod
592 1285 666 1309 cum
681 1285 745 1322 per
759 1269 850 1309 alias
864 1269 1097 1322 occupationes
1104 1267 1220 1319 facere
1230 1283 1315 1320 pro-

43 1323 227 1371 hiberetur,
253 1324 288 1361 6*
313 1324 394 1363 clar.
421 1326 528 1376 noster
551 1323 748 1365 Gesnerus
771 1326 906 1362 eandem
925 1322 1022 1376 spem
1039 1321 1199 1374 feciffeae
1234 1323 1314 1361 hinc

41 1391 102 1430 ego
115 1377 226 1416 minus
246 1381 286 1416 de
303 1394 342 1417 ea
361 1380 594 1418 concinnanda
606 1378 779 1430 sollicitus
799 1392 966 1430 excerpere
987 1389 1087 1429 atque
1105 1377 1254 1430 colligere
1271 1392 1316 1422 ex

41 1429 117 1484 ipso
142 1431 297 1471 Luciano
316 1433 469 1485 neglexi,
493 1449 575 1486 quae
600 1433 681 1472 illuc
695 1432 875 1486 spec‘lant2·
900 1444 1012 1471 tamen
1033 1446 1118 1484 quae
1133 1446 1177 1470 ex
1200 1433 1313 1470 eodem

41 1484 180 1538 aliiffiue
198 1489 364 1526 corradere
381 1502 444 1541 per
464 1499 592 1541 tempus
619 1488 753 1534 licebit,
776 1486 902 1526 Leblori
929 1485 1080 1525 exhibere
1092 1516 1104 1534 ‚
1128 1501 1231 1538 quam
1252 1501 1317 1524 nc-

40 1539 218 1592 cffzriam
239 1540 329 1580 hanc
344 1542 557 1594 provinciam
576 1542 682 1595 plane
706 1541 845 1592 deserere
862 1541 963 1579 malo.

97 1593 232 1632 Indices
255 1595 403 1635 Graecos
421 1609 487 1635 tres
508 1596 688 1634 incredibili
714 1596 826 1634 labore
847 1611 888 1635 ac
903 1593 1072 1647 patientia
1084 1622 1097 1639 ,
1123 1593 1314 1641 (continent

43 1647 129 1686 enim
140 1647 247 1700 fiipra
262 1649 505 1703 quinquaginta
521 1651 666 1689 locorum
686 1650 908 1688 iudicatorum
926 1648 1052 1699 millia)
1073 1646 1218 1698 confecit
1230 1646 1315 1699 fta-

43 1712 94 1741 ter
120 1702 323 1754 dulctffimus
354 1703 521 1744 Carolus
553 1703 762 1743 Conradus
794 1702 967 1742 Reitzius
983 1733 995 1750 ‚
1037 1701 1316 1741 Gorinchemiani

41 1755 201 1809 gymnas]
223 1759 362 1804 Retlor,
385 1774 522 1811 quorum
545 1761 632 1797 duos
651 1759 854 1805 adiecimus,
875 1757 1022 1809 primum
1047 1755 1258 1794 Scholiorum
1278 1756 1314 1794 δ’

50 1811 268 1850 Variantium
289 1816 500 1865 quarundam
525 1814 716 1851 LeHionum
727 1827 745 1858 ;
773 1813 948 1850 Notarunz
974 1810 1126 1848 alterum.
1167 1809 1314 1847 Tertium

45 1865 193 1904 omnium
211 1867 382 1906 verborum
404 1882 448 1907 ac
465 1868 662 1919 phrafium,
695 1879 766 1905 tam
793 1866 1008 1915 locupletem,
1031 1875 1071 1902 ut
1097 1864 1224 1902 annecti
1249 1875 1315 1902 ter-

46 1919 94 1959 tio
111 1920 257 1959 Luciani
274 1932 362 1960 tomo
383 1937 451 1960 non
459 1922 624 1974 potuerit,
639 1921 775 1958 retinere
793 1923 926 1960 coaevus
936 1918 1028 1971 sitm.
1052 1920 1105 1956 Et
1126 1918 1206 1971 quia
1216 1933 1316 1971 prae-

45 1973 146 2026 cipua
169 1985 280 2013 tamen
302 1975 338 2014 in
367 1988 525 2015 notarum
547 1976 654 2014 indice
676 1974 768 2025 fiztis
793 1989 920 2027 quoque
941 1972 1079 2024 amplo,
1105 1983 1314 2018 occurrunt,

49 2028 272 2079 confidimus,
298 2031 460 2069 Leffiorem
486 2029 573 2081 hisce
588 2030 717 2068 duobus
740 2040 927 2068 contentum
945 2026 1044 2078 fore,
1063 2042 1162 2078 eoque
1186 2027 1319 2077 magis,

46 2096 123 2121 cum
144 2083 271 2135 priores
293 2087 366 2123 edd.
390 2084 482 2123 nullo
514 2087 646 2124 Graeco
675 2085 811 2129 Indice,
831 2094 1061 2136 praeterquam
1080 2081 1158 2132 stylo
1185 2081 1318 2119 Dialo-

45 2148 165 2188 gorum
178 2167 192 2182 ,
199 2137 275 2188 sint
288 2139 444 2178 donatae.
474 2140 555 2178 Cum
573 2154 649 2177 vero
663 2138 895 2191 copicfiffimus
917 2136 972 2173 ille
989 2135 1105 2173 tertius
1127 2135 1235 2173 Index
1248 2136 1318 2174 iam

42 2191 150 2244 plane
169 2190 336 2242 conftc‘lus
341 2195 411 2245 fit,
432 2194 582 2246 promisit
596 2191 799 2244 bibliopola,
808 2193 848 2243 ſse
861 2207 933 2230 eum
953 2204 1079 2244 quoque
1090 2190 1207 2241 statim
1215 2203 1318 2240 prae-

48 2243 84 2283 lo
97 2245 320 2297 subieblurum
334 2278 345 2294 ‚
370 2259 409 2286 ut
429 2248 572 2300 primurn
591 2245 732 2298 senserit
758 2262 831 2284 eum
859 2245 1062 2284 eniditorum
1082 2243 1171 2282 votis
1195 2243 1319 2292 expeti,

49 2300 131 2350 Ego
150 2315 253 2346 vero,
278 2301 337 2354 qui
356 2302 471 2340 nullus
496 2302 636 2346 dubito,
658 2301 738 2353 quin
759 2300 913 2349 defiderio
931 2298 1150 2351 plurimorum
1179 2297 1315 2349 respon-

49 2355 129 2392 deat
149 2355 239 2406 istud
253 2368 357 2406 opus,
380 2356 436 2394 vel
456 2371 528 2395 meo
553 2355 698 2405 periculo
719 2355 818 2393 illum
839 2352 989 2405 seorsum
1013 2353 1066 2390 edi
1092 2353 1215 2391 curabo
1229 2382 1239 2398 ‚
1261 2352 1320 2389 ubi

54 2407 114 2446 W
111 2409 261 2459 etflenius
282 2412 387 2463 noster
405 2411 494 2449 hanc
514 2410 623 2448 aleam
640 2408 754 2460 subire
770 2409 992 2461 gravabitur,
1013 2406 1049 2444 δ’
1062 2407 1189 2459 quidem
1205 2409 1317 2444 eadem.

44 2459 162 2512 fhrma
174 2493 188 2508 ,
207 2479 274 2516 qua
297 2466 378 2503 haec
391 2464 588 2509 volumina,
601 2462 819 2515 faciamque,
842 2476 880 2501 ut
900 2461 1017 2501 Lexici
1029 2461 1193 2500 Lucianei
1214 2460 1319 2498 vicem

48 2518 211 2569 praestare
233 2530 356 2571 queat,
387 2519 538 2557 indicata
570 2519 653 2566 via,
684 2533 752 2571 qua
762 2545 785 2564 ‚-
802 2519 862 2569 etsi
879 2519 929 2555 ad
951 2517 1096 2569 nostram
1114 2516 1318 2569 potiffimum

51 2570 226 2612 editionem
242 2575 287 2628 est
303 2585 442 2628 aptatus
455 2590 497 2619 ac
510 2573 709 2627 destinatus,
735 2587 803 2613 non
819 2573 902 2612 adeo
922 2586 1044 2625 magno
1063 2570 1195 2624 negotio
1219 2568 1318 2608 etiam
