1737 3378
425 255 519 301 274
625 233 1492 281 ANNOTATtoNES

423 329 511 368 Iure
528 337 629 364 man.
652 325 809 364 Horum
834 324 1187 377 interpretationem
1214 324 1438 378 aequissimo
1458 325 1608 366 Lectori
1632 338 1693 367 re-

422 381 572 432 linquo.
607 378 678 416 Ait
700 379 909 432 Nigrinus,
940 378 998 417 ὅτι
1025 379 1116 427 μίαν
1144 377 1262 428 φωνὴν
1289 377 1319 416 οἱ
1340 378 1520 427 Ῥωμαίων
1546 380 1691 420 παῖὸες

423 432 545 471 &aneis
567 433 657 483 παρ’
680 431 761 472 ὅλον
786 434 849 471 τὶν
876 433 948 476 βίον
973 432 1189 483 προΐενται,
1221 432 1286 471 τὴν
1314 432 1350 470 ἐν
1379 434 1469 471 ‘tulf
1494 431 1692 474 steterimus
1735 480 1737 483 ⁸

423 487 572 538 λέγων,
596 483 659 525 ἵνα
681 485 736 532 μὴ
762 485 1015 526 ἀπολαύσωσι
1044 484 1106 525 τῆς
1128 482 1309 537 ces-rip&
1335 485 1522 525 ἀληθείαις.
1553 486 1686 527 Iacob.

423 539 578 591 Micyll.
607 540 818 592 interpreS‚
846 542 937 592 quod
964 555 1068 579 unam
1094 539 1184 577 hanc
1207 554 1319 577 vocem
1344 541 1573 578 Romanorum
1592 541 1692 592 pueri

419 607 485 646 per
502 608 632 632 omnem
656 605 797 632 aetatem
819 609 931 632 veram
958 594 1135 640 emittant,
1157 608 1230 631 eam
1250 593 1460 644 intelligens,
1484 608 1570 645 quae
1584 595 1620 632 in
1642 605 1693 632 te-

414 649 592 700 stamentis
614 647 800 698 ufitrpatur
810 677 824 693 ‚
852 663 919 699 qua
943 659 1061 698 petunt
1075 675 1086 693 ‚
1111 662 1152 684 ne
1174 663 1198 684 α
1216 645 1288 697 fita
1314 647 1452 685 veritate
1473 647 1691 699 depellantur.

423 700 589 753 Quibus
617 701 769 746 verbis,
792 713 834 740 ut
860 701 1040 753 equidem
1069 699 1212 747 sentio,
1237 699 1325 738 vult
1346 700 1533 752 interpres
1554 700 1692 740 Lucia·
1729 703 1732 707 '

421 767 521 794 num
544 755 699 806 intelligi
721 755 767 793 de
792 755 919 793 liberis
934 754 1192 800 exheredatis,
1211 754 1325 792 variis
1353 754 1475 792 modis
1495 755 1610 806 patris
1635 765 1690 794 te-

423 810 650 847 stamentum
677 807 870 846 infirmare
895 808 1124 852 nitentibus,
1149 808 1189 846 &
1211 807 1451 859 petentibus,
1474 818 1518 846 ut
1540 819 1689 861 patrem

423 861 536 900 liceat
553 874 713 914 arguere
735 861 967 908 dementiae,
983 861 1278 914 prodigalitatis,
1293 860 1333 900 &
1349 861 1532 900 luxuriae.
1554 859 1690 913 Quam

422 915 616 955 licentiam
638 927 717 954 non
741 913 864 954 solum
891 915 929 953 in
951 915 1210 960 exheredatis,
1241 913 1303 952 sed
1323 915 1361 952 in
1389 916 1570 954 omnibus
1592 915 1690 954 olim
1732 940 1734 942 -

425 969 752 1022 Solon,eumque
774 966 916 1014 secuti,
933 967 1080 1031 legibus
1096 966 1170 1006 suis
1186 967 1451 1015 inltibuerant3
1476 968 1612 1008 scilicet
1630 971 1694 1008 τὶν
1735 973 1737 989 ²

424 1022 628 1062 τεθνηκότα
645 1022 698 1071 μὴ
713 1020 837 1061 κακῶς
849 1024 1046 1074 ὰγσρευειν.
1063 1022 1174 1061 Hanc
1189 1022 1404 1073 interpretis
1416 1034 1584 1060 mentem
1601 1020 1694 1068 effe,
1735 1068 1737 1073 ¹

422 1075 536 1115 facile
550 1076 678 1128 quivis
689 1076 925 1118 iudicaverit.
939 1075 1057 1114 Aliud
1073 1087 1198 1114 tamen
1216 1073 1368 1114 fortean
1381 1075 1509 1115 voluit
1525 1074 1694 1125 ἄλισμὶς

423 1130 600 1182 Nigrini,
622 1130 660 1168 δι
681 1130 861 1179 Ῥωμαίων
875 1128 1030 1168 mmm
1052 1129 1174 1181 accipi
1188 1129 1233 1167 de
1250 1127 1338 1180 ipsis
1352 1129 1554 1168 Romanis.
1579 1128 1692 1181 Inge-

425 1185 587 1223 miicunt
612 1183 806 1231 Romani,
830 1183 938 1236 quod
962 1182 998 1222 se
1024 1182 1189 1222 sentiunt
1213 1183 1427 1235 prohibitos
1446 1184 1608 1222 veritate
1627 1182 1693 1222 sua

425 1238 466 1276 ἃ
491 1250 590 1277 voce
610 1237 727 1276 libera
746 1236 846 1284 frui,
864 1236 1006 1276 scilicet
1033 1237 1249 1290 prohibitos
1273 1236 1424 1288 legibus
1442 1236 1531 1286 illis,
1553 1237 1694 1289 quibus

423 1302 606 1336 cautum,
630 1304 678 1331 ne
697 1293 735 1329 in
761 1291 901 1330 tabulis
926 1290 1137 1330 testamenti
1159 1290 1368 1343 quidquam
1397 1290 1515 1343 elogii
1539 1290 1696 1330 alterius

424 1344 567 1383 famam
590 1345 775 1393 laederet,
805 1344 871 1383 nili
893 1345 1049 1384 suorum
1063 1374 1075 1392 ‚
1104 1356 1204 1396 quos
1225 1343 1457 1383 exheredare
1484 1344 1586 1396 leges
1608 1355 1695 1397 per-

425 1399 628 1437 mittebant
649 1412 737 1438 cum
761 1398 903 1450 elogio.
930 1397 1112 1437 Solebant
1132 1409 1260 1437 autem
1285 1398 1422 1438 Graeci
1443 1397 1694 1450 Romanique

423 1449 636 1498 κακοήθεις,
660 1453 779 1491 vitam
806 1452 848 1491 δε
875 1463 1004 1490 mores
1034 1464 1199 1498 eorum,
1227 1464 1317 1491 cum
1343 1451 1482 1504 quibus
1509 1452 1692 1504 graviora
1736 1458 1737 1481 ἐ

424 1506 516 1544 odia
539 1506 577 1543 &
600 1503 808 1544 simultates
835 1505 1068 1550 habuerant,
1090 1504 1317 1544 testamento
1338 1504 1537 1552 laceffere‚
1556 1504 1598 1544 δι
1619 1505 1693 1545 hac

423 1559 578 1597 licentia
603 1559 746 1598 nullius
767 1558 1091 1598 existimationi&
1113 1558 1236 1598 famae
1252 1571 1419 1611 parcere.
1439 1558 1479 1598 δι
1498 1559 1553 1598 ita
1564 1559 1602 1598 in
1616 1558 1696 1600 co-

425 1613 558 1652 dicillis
577 1612 748 1652 Petronii
759 1614 901 1666 flagitia
913 1614 1077 1666 principis
1088 1613 1366 1664 suh-nominibus
1389 1613 1610 1661 exoletorum,
1632 1613 1695 1665 ft-

426 1668 676 1719 minarumque,
701 1667 737 1705 δ’
755 1669 905 1706 novitate
925 1667 1083 1719 cuiusque
1098 1668 1209 1720 stupri
1229 1667 1438 1720 praescripta
1460 1667 1495 1705 δ’
1517 1668 1692 1721 obsignata

425 1720 524 1773 mzffz
546 1720 696 1760 Neroni
717 1721 818 1773 apud
841 1721 965 1761 Tacit.
993 1722 1116 1760 annal.
1143 1721 1200 1760 16.
1223 1722 1322 1760 hanc
1344 1731 1472 1760 tamen
1499 1731 1610 1761 antea
1633 1731 1691 1761 te-

424 1773 705 1814 stamentorum
730 1774 919 1814 licentiam
938 1773 1088 1814 senatus
1109 1775 1217 1827 saepe
1238 1775 1276 1814 in
1289 1774 1506 1829 Principum
1530 1775 1692 1828 gratiam

423 1829 654 1867 inhibuerat.
679 1827 838 1868 Sueton.
864 1829 965 1881 Aug.
984 1841 1016 1868 c.
1039 1842 1103 1882 50:
1128 1830 1180 1866 Ec
1205 1841 1314 1867 tamen
1338 1832 1378 1867 de
1401 1830 1577 1868 inhibenda
1591 1831 1689 1882 testa-

427 1895 610 1922 mentorum
641 1882 797 1928 lioenda,
823 1898 863 1921 ne
880 1883 1023 1934 senatus
1052 1883 1235 1935 quidquam
1258 1883 1485 1936 constitueret,
1509 1884 1693 1936 intercqffic.

425 1937 556 1978 Huius
575 1936 650 1976 loci
670 1949 758 1975 cum
775 1947 940 1976 mentem
953 1949 1174 1988 quaererem
1186 1967 1197 1982 ,
1211 1935 1388 1976 consului
1401 1935 1690 1978 IsaaciCasaub.

425 1989 792 2030 Animadverfiones
802 2019 814 2036 ,
827 1991 868 2028 in
882 1991 1021 2043 quibus
1037 1990 1140 2030 hunc
1154 1991 1312 2030 Luciani
1323 1991 1455 2030 locum
1470 2001 1694 2044 acceptum,

426 2053 471 2083 ut
494 2057 568 2084 nos
588 2044 908 2097 interpretamur,
929 2045 1184 2096 deprehendi,
1204 2045 1310 2097 quod
1331 2044 1493 2097 gaudeo.
1516 2045 1692 2090 Bonan.

482 2101 555 2137 ead.
577 2098 601 2136 l.
623 2112 661 2147 7.
677 2098 756 2138 “lm
773 2098 826 2148 μὴ
851 2097 1102 2137 ἀπολαύσωσι
1127 2099 1301 2152 ἃς.)’ΛῙε
1318 2115 1336 2136 ε
1357 2099 1444 2137 veris
1463 2097 1542 2150 suis
1557 2099 1687 2150 finna-

424 2151 525 2191 nl'blts
543 2152 716 2204 quideam
734 2152 933 2191 incommodi
951 2154 1107 2205 capiant:
1132 2165 1218 2191 nam
1241 2153 1381 2200 vetitas,
1405 2153 1515 2191 iuxta
1537 2153 1688 2192 Teren-

422 2205 536 2253 tium,
550 2206 663 2244 odium
671 2206 776 2259 parit.
792 2205 931 2245 BROD.
945 2205 1102 2246 Sensum
1117 2206 1232 2246 huius
1245 2206 1339 2252 loci,
1361 2219 1477 2260 quem
1499 2206 1688 2260 interpres

422 2258 617 2302 affecutus
638 2272 719 2298 non
744 2259 824 2307 est,
852 2259 1018 2313 explicat
1041 2258 1252 2300 Briffonius
1277 2260 1388 2300 form.
1415 2259 1438 2299 l.
1463 2260 1566 2307 VII,
1592 2271 1688 2299 mox

425 2313 474 2352 ab
489 2313 608 2353 initio.
631 2314 796 2353 VoRST.
822 2314 915 2354 Non
936 2314 1070 2354 melius
1094 2312 1270 2367 profe&o
1297 2314 1400 2354 hunc
1416 2314 1548 2354 locum
1574 2313 1688 2353 intel-

422 2366 517 2406 lexit
527 2367 801 2408 Bourdelotius
811 2398 823 2414 ‚
836 2381 951 2421 quam
967 2369 1172 2420 Micyllus,
1186 2381 1301 2421 quem
1316 2367 1448 2407 deserit
1463 2380 1508 2408 ac
1527 2366 1685 2408 refutat.

427 2419 540 2473 Quid
559 2422 686 2462 enim?
711 2434 758 2461 an
780 2421 840 2461 hic
857 2422 997 2462 dicitur
1017 2421 1259 2474 ingemiscere
1280 2422 1502 2468 Romanos,
1522 2422 1629 2475 quod
1650 2421 1688 2462 se

426 2474 594 2515 sentiunt
614 2475 828 2528 prohibitos
852 2477 1013 2515 veritate
1033 2475 1098 2515 sua
1119 2476 1160 2515 &
1183 2488 1288 2516 voce
1309 2476 1426 2515 libera
1447 2474 1542 2523 frui,
1564 2488 1688 2528 eaque

419 2529 636 2583 prohibitio
658 2530 697 2574 in
715 2541 766 2571 eo
788 2529 954 2572 consistit
967 2560 981 2577 ,
1000 2531 1107 2584 quod
1127 2529 1314 2583 prohibiti
1336 2528 1407 2570 sint
1427 2529 1577 2584 legibus
1596 2530 1690 2578 iuis,
