1737 3378
390 213 485 278 3&
590 209 1469 260 ANNOTATIONES

390 301 444 339 dis
458 299 613 350 somnus.
634 299 778 340 BROD.
798 300 923 339 Varie
942 300 1104 339 traditur
1124 302 1340 348 annorum,
1358 300 1500 352 quibus
1516 298 1675 339 dormiit

390 353 658 403 Epimenides,
682 366 877 393 numerus.
901 354 980 393 Alii
1005 352 1139 402 LVII,
1160 353 1224 392 alii
1250 353 1301 399 L,
1328 366 1394 393 aut
1421 354 1489 392 XL
1512 352 1670 393 faciunt.

391 405 489 444 Plin.
517 407 616 456 VII,
647 420 718 458 52,
741 407 782 446 &
802 407 924 460 Diog.
946 408 1072 447 Laert.
1099 421 1148 459 29
1173 407 1224 446 A.
1247 407 1367 446 LVII.
1393 408 1528 446 Varro
1556 408 1602 446 de
1626 408 1673 447 L.

392 459 437 498 L.
458 460 561 507 VII,
581 461 873 514 quinquaginta.
894 461 992 501 Plut.
1014 474 1062 500 an
1082 459 1159 500 seni
1185 461 1351 512 gerenda
1372 459 1416 500 fit
1441 460 1554 514 Resp.
1572 461 1670 500 Ter-

391 513 475 552 tull.
491 514 700 554 &pausam
728 517 766 554 in
788 516 870 554 Att.
898 515 1161 568 quadraginta.
1184 514 1284 554 Vide
1305 515 1459 567 Menag.
1481 515 1526 554 ad
1546 513 1668 568 Diog.

394 566 524 607 Laert.
555 583 592 623 p.
617 583 680 623 39.
701 569 862 610 Sol-AN.
883 569 960 609 Cui
985 582 1067 609 non
1095 568 1215 608 dic'kus
1240 568 1470 621 Epimenidis
1491 567 1676 608 somnus?

397 621 550 674 Argute
580 624 633 671 is,
658 623 701 663 δι
730 622 914 677 personae
938 623 1026 663 suae
1053 623 1354 671 convenienter,
1380 623 1522 676 quippe
1550 622 1674 662 homo

397 675 586 723 rusticus,
610 677 712 730 apud
731 677 905 730 Alciphr.
919 677 971 716 111
988 709 1000 726 ‚
1020 678 1089 731 Ep.
1108 676 1178 730 38:
1199 673 1315 716 ὑπνοῖ
1334 676 1400 723 δὲ,
1421 676 1505 715 ὅσον
1527 674 1673 716 ἥκουσαι

399 730 659 780 τετυφωμένου
690 728 870 779 σοφιστοῦ
892 731 1071 784 λέγοντος
1092 730 1284 780 Ἐπιμενίδ
1289 745 1327 770 ην
1348 732 1434 770 τινὰ.
1460 728 1581 780 Κρῆτα
1613 745 1675 769 κε·

399 782 619 834 uetustam.
643 784 736 824 Vid.
755 784 795 824 P.
816 783 966 824 Victor.
986 785 1037 825 V.
1051 785 1092 824 L.
1112 784 1266 831 XXIV,
1286 797 1319 823 c·
1346 799 1379 824 1.
1399 784 1449 823 A.
1464 782 1609 823 Schott.
1626 784 1674 824 ad

396 836 516 877 Prov.
540 838 644 891 App.
667 838 762 877 Vat.
783 837 829 877 C.
850 837 928 884 ΙΙΙ,
954 851 992 878 n.
1015 852 1086 892 97.⁸
1103 838 1261 890 Menag.
1289 838 1337 878 ad
1366 838 1536 891 Diogen.
1564 838 1606 877 L.
1633 837 1675 885 Ι,

403 904 492 945 109.
510 891 633 931 Faber
653 892 691 930 in
706 892 936 944 Epimenidis
951 903 1076 932 aetate
1091 891 1291 944 scrupulos
1303 904 1438 932 movet
1448 923 1459 941 ,
1482 892 1584 931 hunc
1597 891 1677 931 nul-

397 945 472 985 lius
484 975 499 991 ‚
516 945 679 987 alterum
701 946 862 986 alicuius
881 946 1081 986 momenti.
1103 946 1259 985 Niciam
1272 946 1440 986 Nicerati
1461 945 1596 992 filium,
1608 946 1676 999 qui

400 999 450 1038 ad
474 999 740 1051 Epimenidem
763 999 1024 1040 arceffendum
1050 999 1121 1039 fuit
1142 999 1292 1047 missus,
1315 1001 1401 1052 quis
1420 999 1527 1039 illum
1543 1000 1677 1039 docuit

399 1065 491 1092 eum
517 1053 616 1101 effe,
642 1067 758 1107 quem
787 1054 917 1094 Sicula
945 1054 1070 1094 clades
1098 1054 1344 1094 nobilitavit?
1370 1067 1451 1093 non
1477 1052 1678 1106 Diogenes

399 1118 529 1146 certe:
564 1121 655 1147 nam
688 1109 719 1148 is
747 1109 901 1159 quidem
931 1119 1109 1161 tempus,
1136 1107 1282 1147 sextam
1308 1106 1387 1147 sive
1410 1107 1607 1161 septimam
1634 1107 1678 1149 &

398 1161 729 1214 quadragesimam
742 1162 1033 1216 Olympiadem,
1048 1173 1227 1202 accurate
1239 1161 1448 1215 perscribit.
1463 1161 1677 1200 Athenien-

397 1214 458 1254 ses
482 1216 610 1256 Nicias
638 1216 679 1255 δι
701 1216 904 1257 Niceratos
923 1216 1075 1270 plure5‚
1096 1217 1213 1256 etiam
1232 1216 1272 1255 in
1299 1215 1372 1255 hac
1398 1214 1476 1269 ipsa
1504 1214 1649 1255 familia
1666 1246 1680 1265 ,

401 1269 572 1322 possem,
598 1269 627 1308 fi
658 1270 735 1310 hoc
758 1282 958 1324 ageretur,
988 1269 1208 1310 ostendere:
1239 1270 1330 1323 quid
1353 1283 1449 1323 ergo
1472 1269 1679 1322 prohibet,

400 1336 484 1375 quo
507 1325 636 1363 minus
650 1337 772 1363 unum
792 1326 958 1378 aliquem
979 1338 1027 1364 ex
1049 1323 1153 1364 istius
1172 1325 1332 1372 Niciae,
1349 1325 1417 1376 qui
1440 1323 1678 1377 exipeditioni

399 1377 553 1416 Siculae
570 1377 762 1431 praefuit,
784 1379 994 1418 maioribus
1018 1377 1298 1432 intelligamus?
1323 1379 1472 1417 Verum
1491 1377 1681 1417 difficilior

401 1430 456 1470 est
477 1432 605 1470 nodus
628 1432 665 1470 in
692 1432 878 1479 Platone,
905 1433 972 1486 qui
995 1431 1137 1472 disertis
1159 1431 1249 1472 sane
1269 1432 1398 1471 verbis
1418 1431 1680 1485 Epimenidem

398 1484 577 1525 Athenas
598 1485 790 1526 advenisse
815 1485 932 1526 refert
949 1488 1019 1539 πρὶν
1044 1485 1118 1526 τῶν
1143 1484 1328 1538 Περσικῶν
1352 1485 1451 1525 δέκα,
1472 1484 1578 1525 ἔτεσι
1593 1484 1682 1539 πρὸ-

401 1553 505 1589 τερον
534 1539 579 1578 de
602 1540 678 1579 LL.
705 1539 746 1587 Ι,
770 1554 808 1594 p.
827 1540 908 1592 780
931 1540 974 1580 F.
1003 1541 1066 1579 hoc
1091 1542 1160 1594 est,
1186 1552 1224 1579 ut
1252 1540 1391 1594 opinor,
1412 1540 1536 1592 inquit
1558 1539 1681 1580 Aldo·

399 1592 611 1633 brandinus
635 1594 681 1633 ad
700 1594 873 1647 Diogen.
897 1595 939 1634 L.
966 1607 1053 1634 nam
1069 1607 1211 1648 operae
1226 1595 1392 1647 pretium
1409 1594 1483 1633 erit
1504 1607 1594 1634 eum
1609 1607 1682 1634 au·

401 1648 506 1694 dire,
531 1660 710 1701 antequam
729 1649 853 1701 Petfize
872 1649 908 1688 in
923 1649 1074 1701 Lydiam
1094 1649 1260 1688 venirent:
1280 1647 1360 1698 τῗῇἒ
1361 1664 1379 1688 ε
1398 1650 1479 1701 ’γὰρ
1499 1648 1587 1687 ἴσως
1601 1648 1679 1689 &c.

402 1702 441 1741 Ξπ
466 1718 532 1755 quo
559 1718 634 1741 cum
656 1704 793 1742 Laertio
818 1703 983 1753 consentit
1010 1704 1139 1742 Plato.-
1170 1719 1251 1742 nam
1279 1704 1390 1757 Cyrus
1417 1717 1478 1742 rex
1496 1702 1681 1754 Persarum

403 1757 528 1795 Sardis
553 1757 717 1809 ingreff'us
737 1759 780 1811 efl
800 1758 907 1797 νὶἐῗον
930 1758 1031 1796 annis
1054 1760 1160 1796 decem
1181 1759 1358 1811 postquam
1378 1757 1594 1810 Epimenides
1619 1772 1682 1796 ur-

400 1812 474 1850 bem
494 1811 657 1849 Athenas
678 1824 899 1863 purgaverat.
919 1810 1113 1851 Callidum
1136 1813 1270 1865 utique
1295 1821 1560 1851 commentum
1576 1841 1588 1859 ‚
1619 1810 1681 1850 sed

400 1865 535 1917 quod,
553 1864 582 1904 fi
604 1866 767 1918 propius
785 1865 982 1919 inspicias,
999 1866 1038 1905 in
1054 1866 1203 1906 irritum
1223 1865 1341 1906 cadit:
1362 1866 1530 1918 primum
1554 1864 1683 1904 calcu·

401 1918 466 1958 los
478 1919 578 1958 male
594 1918 722 1972 posuit
734 1920 795 1959 vir
809 1921 1003 1968 eruditus3
1023 1933 1096 1974 pro
1109 1920 1239 1960 decem
1256 1920 1365 1958 annis
1380 1917 1526 1958 dixisset
1538 1918 1683 1970 Olym-

401 1973 534 2026 piadas
557 1974 713 2020 decem,
740 1975 1021 2013 remitteremus
1036 1987 1228 2014 annorum
1252 1974 1404 2027 aliquot
1422 1971 1682 2027 dispendium3

403 2040 646 2080 quamquam
661 2040 711 2067 eo
727 2027 841 2080 pasto
855 2039 983 2067 totum
996 2027 1090 2067 illud
1104 2028 1270 2067 Platonis
1283 2041 1372 2067 cum
1387 2027 1569 2080 Diogene
1583 2040 1683 2067 con-

402 2082 557 2121 ciliandi
570 2082 777 2121 remedium
793 2080 1006 2121 evanescat.
1024 2081 1191 2128 Deinde,
1207 2082 1409 2121 communi
1424 2094 1528 2121 nunc
1548 2082 1682 2128 etiam,

402 2133 466 2174 sed
497 2134 656 2188 peffimo
687 2147 815 2175 tamen
842 2137 952 2175 nimis
978 2135 1259 2176 inconsiderate
1282 2135 1523 2176 scribentium
1550 2135 1678 2183 vitio,

403 2189 445 2228 in
474 2202 524 2228 eo
546 2201 679 2242 peccat
704 2191 884 2242 gravius,
904 2191 1013 2243 quod
1035 2189 1121 2243 post
1147 2189 1271 2242 posita
1299 2190 1487 2243 quaedam
1511 2188 1679 2243 philoso-

403 2243 470 2296 phi
494 2244 614 2282 verba
631 2242 854 2283 sententiam
877 2245 1002 2291 dicat,
1027 2257 1076 2283 ne
1100 2244 1208 2284 lestis
1228 2244 1406 2298 quidem,
1429 2243 1570 2283 nedum
1592 2256 1681 2296 per-

405 2297 553 2350 pensis,
574 2310 678 2350 quae
702 2299 877 2352 proxime
902 2297 1216 2351 consequuntur:
1241 2298 1307 2337 κοιὶ
1332 2297 1380 2339 ἒὴ
1399 2298 1465 2336 καὶ
1491 2296 1680 2347 φοβουμέ-

404 2366 474 2392 νων
496 2354 556 2389 τον
581 2356 758 2403 Περσικὸν
775 2352 965 2392 Ἀθηναίων
995 2353 1148 2401 στόλον,
1173 2348 1276 2393 εἶπεν
1299 2351 1357 2390 ὅτι
1381 2351 1480 2391 δέκα
1496 2351 1566 2401 μὲν
1584 2350 1680 2390 ἐτῶν

404 2401 486 2456 οὐχ
503 2401 663 2456 ἶν’ξουσιν·
677 2405 768 2445 ὅταν
783 2406 827 2445 ἑὲ
844 2405 1012 2453 ἔλθωσιν,
1026 2404 1381 2460 ἀπαλλαγήσονται
1393 2405 1607 2458 πράξαντες
1620 2401 1682 2443 οὖ-

404 2458 472 2498 sev
496 2454 540 2499 {Su
564 2457 732 2510 ἤλπιζον,
747 2460 927 2499 παθόντες
950 2461 976 2500 S
981 2460 995 2498 ὲ
1017 2462 1035 2501 ii
1060 2460 1274 2511 ὃράσοιντες
1292 2460 1414 2500 πλείω
1434 2459 1551 2498 κακά.
1568 2459 1681 2498 Haec

403 2513 503 2566 quin
530 2514 577 2554 ad
597 2514 796 2556 Mardonii
823 2515 864 2554 'm
885 2513 1034 2556 Ioniam
1050 2545 1062 2565 ‚
1087 2514 1296 2556 Thraciam
1315 2527 1361 2556 ac
1384 2513 1654 2556 Macedoniam
1664 2541 1681 2567 2
