1737 3378
394 229 490 271 204
593 209 1458 261 ANNOTATIONES

393 319 448 342 τοι
467 304 604 354 πονηρὰ
618 305 760 355 φανείη.
775 305 843 344 ubi
866 304 992 346 Schol.
1007 305 1022 344 ὃ
1037 306 1214 359 πράττων
1236 306 1300 347 ἐπὶ
1313 306 1466 360 ὀνόματι
1480 307 1551 348 τῶν
1566 306 1661 348 θεοῖν

393 357 444 395 τί.
460 357 619 448 optime.
634 358 743 398 Adde
758 359 948 412 Athenag.
963 373 1000 412 p.
1021 373 1067 412 52
1083 360 1128 400 C.
1146 360 1200 400 D.
1216 360 1339 401 Clem.
1356 362 1467 401 Alex.
1482 376 1518 415 p.
1538 375 1584 412 17
1605 362 1654 400 A.

394 408 437 447 δι
461 422 474 447 1
526 410 575 448 A.
597 411 636 450 &
660 411 769 451 Basil.
795 427 831 465 p.
846 413 903 453 ed.
922 412 1004 452 Bas.
1031 427 1104 462 41¹
1129 415 1175 453 (3.
1195 415 1282 454 Vid.
1299 426 1427 454 tamen
1447 413 1490 455 11.
1510 415 1571 462 A,
1596 428 1662 454 22.

393 460 553 503 SOLAN.
566 463 738 505 Gratiam
751 465 912 506 facimus
926 467 1180 507 Bourdelotio
1190 499 1201 515 ‚
1215 469 1325 509 iudici
1339 467 1577 509 Graecarum
1588 480 1660 507 ve·
1697 494 1702 500 -

394 515 591 556 nussatum
613 531 692 559 non
713 519 934 573 peritiffimo
947 551 960 566 ,
981 521 1245 574 praeposterae
1268 522 1537 562 correffionis:
1559 531 1660 561 nota

399 568 488 609 sunt
500 571 743 624 ἐπευφημεῖν,
757 575 798 614 &
817 573 961 614 diversa
980 574 1164 627 potestate
1180 572 1403 627 εὗφημίζειν·
1417 575 1659 629 probandum
1697 624 1700 626 v

395 621 522 663 fuerat
543 626 824 677 ἑπευφημίζειν,
845 628 962 680 idque
982 641 1028 667 ea
1052 629 1219 674 virtute,
1239 641 1354 682 quam
1373 628 1484 668 locus
1503 629 1565 668 hie
1613 641 1661 668 o-

395 677 521 717 stulat.
542 679 705 720 Meliora
724 682 857 722 docuit
878 681 1056 721 Budaeus
1074 681 1119 722 C.
1141 683 1182 721 L.
1206 682 1255 723 G.
1276 697 1312 736 p.
1345 695 1440 735 593,
1466 682 1563 722 bene
1616 695 1661 721 u-

398 732 521 771 cianei
545 733 624 772 loci
654 733 801 774 sensum
829 736 1115 788 interpretatus:
1145 737 1305 775 Titanum
1321 736 1486 789 principis
1507 736 1607 775 tit'ulo
1627 735 1663 774 6·

397 787 528 826 nominc
545 787 682 839 infignis
699 787 734 825 δ’
756 804 874 828 ornas.
896 788 1186 828 Restituendum
1211 789 1438 838 Pausaniae,
1459 788 1498 835 l,
1518 803 1555 843 p.
1581 802 1661 842 90,

397 840 466 880 ubi
489 840 674 893 vulgatur
692 841 971 892 ἐπευφήμησαν·
988 852 1030 881 tu
1052 842 1157 895 lege,
1175 843 1429 893 ἐπεφήμισαν,
1454 841 1594 882 scilicet
1612 841 1663 892 τῇ

397 893 470 933 τῶν
491 895 643 944 κυάμων
661 894 793 948 σπορᾷ.
814 906 857 935 ut
879 910 915 949 p.
948 909 1043 942 100,
1067 897 1109 936 &
1131 893 1300 949 saepius:
1322 908 1522 949 compertum
1548 908 1662 935 autem

400 948 508 993 nihil,
525 948 666 1000 inquit,
687 952 790 989 babeo
807 951 934 994 dicere,
951 949 1124 1002 primufize
1139 950 1192 988 hic
1215 951 1386 1003 Cyamz‘tes
1395 949 1503 1001 sabas
1516 948 1664 1001 severit,

399 1018 447 1041 an
469 1001 546 1040 huic
564 1003 698 1041 invento
718 1006 842 1043 heroem
861 1006 1023 1055 quendam
1049 1004 1222 1055 Cyamitae
1249 1003 1349 1043 titulo
1367 1005 1529 1043 donatum
1545 1003 1664 1056 instri-

394 1054 537 1109 pserint.
552 1054 616 1096 Sic
633 1055 786 1096 Aristid.
799 1057 849 1097 T.
860 1054 879 1095 I
891 1087 900 1104 ,
916 1071 952 1110 p.
968 1069 1046 1107 450
1060 1057 1104 1096 B.
1120 1054 1268 1096 τούτοις
1281 1055 1483 1109 (frumenti
1502 1055 1664 1104 sationi)

398 1109 531 1148 Κέλεός
545 1123 587 1147 τε
603 1109 668 1149 καὶ
685 1112 892 1163 Μετάνειρα.
915 1111 978 1149 καὶ
997 1109 1252 1163 Τριπτόλεμος
1275 1110 1569 1162 ἑπιφκμίζοντοιι.
1585 1123 1667 1150 ma-

399 1163 436 1202 le
456 1163 577 1202 vertit
598 1163 808 1212 canterus,
831 1175 875 1204 ut
902 1163 943 1203 &
973 1177 1010 1217 p.
1039 1177 1109 1217 331
1147 1163 1197 1203 A.
1221 1176 1292 1204 nec
1320 1163 1448 1203 multo
1470 1162 1608 1204 reffius
1628 1164 1668 1203 in

1704 1110 1719 1183 l

400 1216 576 1270 Epistolis
592 1218 740 1257 Libanii
752 1249 762 1267 ‚
778 1231 873 1272 quas
888 1217 918 1256 I.
939 1217 1030 1277 §lm
1045 1216 1202 1282 Wolfio
1213 1248 1224 1266 ,
1240 1217 1393 1279 egregie
1404 1218 1450 1283 de
1461 1217 1576 1257 literis
1590 1230 1670 1257 me-
1707 1189 1718 1264 l

401 1271 501 1313 renti
514 1301 527 1316 ,
545 1271 742 1318 debemus,
762 1287 799 1326 p.
817 1287 830 1311 1
844 1287 906 1321 14:
922 1275 975 1312 οἱς
988 1285 1031 1310 τε
1044 1285 1243 1323 πραττεκ,
1267 1274 1398 1311 ἑκεινον
1418 1272 1670 1322 επιφημίξεις,
1705 1267 1717 1312 l

401 1341 488 1379 quae
503 1325 570 1378 ipſse
587 1327 698 1378 geris,
717 1327 766 1364 illi
786 1327 944 1365 attribuis
953 1342 970 1374 ,-
988 1327 1084 1378 quast
1096 1326 1139 1363 ab
1160 1325 1218 1363 illo
1237 1327 1326 1378 gesta
1343 1326 1533 1379 praedicas.
1554 1325 1668 1364 Alio-
1708 1334 1717 1365 ’,

399 1392 487 1418 rum
507 1380 693 1433 exemplis
706 1380 798 1420 adde
811 1380 960 1420 Philon.
982 1379 1063 1418 lud.
1086 1379 1127 1418 L.
1141 1378 1187 1417 ad
1204 1379 1250 1419 C.
1268 1391 1354 1433 pag.
1381 1393 1475 1419 1011
1496 1379 1539 1419 E.
1566 1377 1669 1419 1016
1706 1399 1716 1439 't

402 1432 451 1472 A.
471 1431 609 1473 Pollux
628 1433 706 1482 IX,
730 1446 806 1487 95,
832 1448 915 1474 112.
941 1434 1106 1473 HEMST.
1704 1452 1715 1492 l

458 1488 531 1525 ead.
552 1488 575 1525 l.
600 1501 660 1526 10.
678 1488 857 1540 Εὶρωνείοιν
878 1487 941 1526 καὶ
964 1485 1159 1539 μυκτῆρσι)
1177 1484 1346 1539 Copiose
1367 1485 1413 1525 Is.
1431 1484 1593 1526 Casaub.
1619 1486 1669 1526 ad
1705 1488 1715 1533 ’ᾗ

401 1538 601 1593 Theophr.
621 1541 798 1581 Charael.
824 1542 863 1580 in
890 1540 1218 1580 subsannationem
1243 1541 1427 1579 Atticam.
1451 1539 1504 1579 ld.
1531 1540 1670 1580 Lucia—

405 1607 481 1633 nus
499 1595 544 1633 tle
560 1595 744 1647 Gymnas.
760 1594 861 1635 εἴητε
884 1596 1017 1648 εἶρωνες
1029 1595 1064 1633 ἐν
1079 1593 1157 1634 τοῖς
1171 1593 1308 1647 λόγοις.
1321 1593 1382 1634 Sic
1396 1593 1529 1646 postea
1547 1594 1584 1633 ἐς
1604 1594 1673 1635 τὴν

404 1647 580 1689 Ἀττικὴν
607 1649 824 1702 δριμύτητα.
845 1649 916 1689 τῶν
937 1648 1187 1698 σκωμμάτων.
1210 1648 1358 1700 Eunap.
1378 1649 1416 1686 in
1438 1647 1569 1687 Liban.
1591 1642 1672 1701 ipse

405 1701 548 1755 saepiff.
569 1702 620 1743 sic
641 1707 899 1755 χλευασμος,
918 1701 1110 1754 &mo-mc,
1127 1703 1379 1754 ἑμποιιγμος,
1400 1701 1440 1740 &
1454 1699 1588 1740 fimilia
1599 1702 1672 1741 At·
1708 1731 1713 1750 ,η

406 1756 515 1816 ticpr.
531 1757 586 1824 ,de
608 1758 712 1818 quib..
731 1758 869 1849 interp
894 1755 1086 1809 Aristoph.
1101 1757 1276 1796 BOURD.
1293 1755 1469 1795 Ἀθηναῖοι
1485 1769 1618 1809 ειρωνες
1637 1756 1673 1796 ἐν
1706 1764 1713 1797 ‚1

406 1809 1571 1919 ⁷0¹.2;.0.i215,2.i;2·‚0;5s1532523255221zzissrs·.3352⁵a0,
1591 1863 1673 1903 N..
1704 1842 1712 1865 v>

402 1917 448 1969 so
461 1917 669 1971 suspendere.
693 1920 832 1959 BROD.
857 1919 1029 1959 Utuntur
1049 1918 1125 1958 hoc
1152 1918 1242 1957 loco
1268 1917 1299 1957 I.
1322 1917 1439 1957 Brod.
1461 1915 1568 1956 Misc.
1587 1916 1675 1965 lv,-

408 1985 442 2011 c.
467 1986 535 2025 32,
548 1974 598 2012 H.
621 1973 832 2025 Stephanus
846 1973 950 2026 App.
966 1973 1012 2012 de
1027 1971 1078 2011 D.
1095 1972 1143 2010 A.
1160 1985 1196 2025 p.
1214 1985 1286 2024 245
1300 2001 1314 2017 ,
1333 1970 1374 2010 &
1392 1969 1434 2010 Is.
1451 1968 1672 2012 Casaubon.

409 2026 457 2064 ad
471 2026 670 2080 Theophr.
688 2026 760 2066 Ch.
777 2027 861 2066 Eth.
879 2026 1134 2067 c.1.Hr.Msr.

466 2080 545 2119 ibid.
567 2081 765 2134 Ἀττικὸν)
790 2080 978 2121 Omnium
1002 2081 1101 2119 enim
1125 2078 1368 2119 Graecorum
1391 2077 1608 2119 dicaciffimi
1623 2073 1674 2119 δε

409 2133 624 2174 facetiffimi
647 2135 766 2175 habiti
785 2134 869 2175 sunt
884 2134 1014 2174 Attici.
1028 2134 1167 2173 BROD.

465 2192 539 2227 ead.
555 2192 579 2228 l.
601 2188 743 2238 14.T027
758 2188 892 2243 Kame.)
908 2189 986 2228 Ubi
1005 2188 1189 2240 deligatus
1203 2186 1455 2227 Prometheus
1474 2198 1497 2225 a
1519 2186 1677 2227 vulture

412 2243 615 2282 manditur.
635 2244 775 2283 BROD.

468 2297 504 2335 in
526 2298 641 2336 Schol.
663 2299 726 2336 col.
749 2312 782 2337 2.
808 2297 831 2335 l.
858 2311 893 2336 2.
919 2294 1053 2348 Τοῦτο)
1074 2295 1126 2335 V.
1148 2293 1290 2334 τούτου.
1313 2292 1384 2333 Sed
1403 2303 1530 2333 totum
1554 2292 1675 2333 Scho-

414 2349 507 2388 lium
527 2349 728 2391 absurdum
752 2350 828 2390 est:
852 2349 1003 2404 respicit
1026 2349 1128 2390 enim
1150 2347 1285 2388 auetor
1310 2358 1445 2386 notam
1466 2347 1678 2388 Athenien-z

414 2402 511 2444 fium
534 2405 719 2458 εὶρώνειοιν.
745 2405 904 2445 SOLAN.
1421 2430 1425 2433 v

471 2459 563 2511 Pag.
587 2473 645 2513 19.
666 2460 690 2498 l.
715 2473 748 2499 2.
769 2457 858 2498 Τοὺς
878 2456 1033 2511 ἀγῶνοις
1083 2456 1184 2495 Nam
1205 2454 1510 2496 declamatorum
1531 2453 1679 2507 oratio-2

415 2523 486 2554 nes
506 2513 712 2553 umbratilem
722 2526 876 2568 pugnam
894 2520 1016 2553 vocat
1067 2511 1182 2553 icero,
1201 2509 1344 2552 BRon.
