1737 3378
387 212 478 272 448
587 204 1458 254 ANNOTATIONES

381 308 475 336 tone
489 293 529 334 &
547 294 810 348 Xenophonte
825 292 914 332 nihil
931 292 985 332 est
998 290 1253 345 frequentius:
1280 303 1375 332 mox
1385 320 1397 342 ,
1411 291 1555 333 aava:
1566 289 1650 346 7223

379 348 532 400 μᾶλλον
544 348 734 399 &surmont
744 347 935 398 φαίνεται.
958 347 1123 386 HEMST.

435 405 508 441 ead.
523 404 546 442 l.
562 402 601 441 8.
622 401 679 450 Τῷ
697 401 811 454 ποτε)
829 401 932 440 Ante
953 400 994 439 τί
1014 415 1121 438 ποτε.
1145 398 1301 439 Gumr.

435 457 515 495 ibid.
536 456 615 495 Τοῖς
635 455 676 507 ἐξ
691 455 835 509 ἀρχῆς)
855 453 1105 494 Βεηεόἰᾶὶιιςε
1131 455 1295 506 quomodo
1315 452 1434 506 priscis
1460 451 1651 491 hominibus

382 511 535 549 habenda
550 511 689 562 estfides
703 513 722 548 Ρ
746 522 766 548 a
788 509 928 562 quibus
952 508 1089 548 scilicet
1104 507 1197 546 haec
1219 506 1347 546 fabula
1366 506 1440 545 fuit
1457 518 1650 559 propaga·

382 575 420 603 ta
434 577 442 603 :
465 576 590 615 neque
605 564 768 602 diffiteor
783 563 855 603 dici
870 561 976 615 poffe
990 562 1075 601 τοὺς
1088 560 1130 613 ἐξ
1144 559 1252 612 ἀρχῆ
1255 576 1271 599 ς
1285 573 1358 614 pro
1370 559 1445 599 τοῖς
1459 558 1652 613 ἀρχαίαις·

381 617 445 656 sed
463 617 611 669 melius*
619 618 664 657 ad
679 617 902 657 sententiam
923 616 1104 669 congruit
1116 644 1127 662 ‚
1148 614 1256 667 quod
1271 615 1375 654 dedi:
1395 624 1512 666 atque
1531 615 1582 652 ita
1595 612 1652 654 fe-

383 684 426 711 re
439 671 621 719 Solanus,
637 672 705 725 qui
724 680 893 710 verterat
905 699 918 716 ,
937 671 1094 722 quidest,
1115 670 1207 721 quod
1219 669 1263 706 iis
1279 670 1384 720 fidem
1401 666 1541 719 faciat,
1563 681 1650 720 quae

385 742 408 764 a
429 738 458 764 te
475 727 560 764 dieta
575 725 686 777 sunt,
705 742 725 765 0
740 727 926 764 Socrates?
938 725 1042 763 Idem
1064 724 1124 762 vir
1142 722 1388 769 doetiffimus,
1411 732 1510 774 quae
1531 720 1652 773 paulo

383 779 470 833 post
488 779 718 832 sequuntur,
738 777 994 828 ὃοκιμάζομεν
1008 779 1091 829 ’γὰρ
1109 775 1156 816 sss
1172 779 1278 816 κειτὲι
1293 776 1452 828 δύναμιν
1467 773 1653 827 ἀνθρωπί-

381 847 439 873 νην
464 833 539 872 &c.
563 835 666 872 hunc
689 833 727 871 in
747 832 904 872 modum
920 831 992 870 fuit
1014 833 1304 882 interpretatus:
1324 831 1388 868 Ex
1401 830 1552 868 humana
1562 829 1650 868 enim

379 888 534 941 potentia
549 887 698 940 Ignotum
711 916 724 933 ,
747 886 969 925 incredibilem
983 885 1018 924 δ’
1028 884 1221 936 invifibilem
1233 885 1454 937 aestimamus.
1477 882 1650 922 Multum

382 940 578 988 diffenti03
594 942 735 994 quippe
749 941 811 980 cui
827 940 1011 992 placuerit
1023 939 1054 977 is
1067 938 1280 977 verborum
1294 934 1432 985 sensus,
1443 949 1559 990 quem
1573 936 1651 975 iam

382 1006 472 1034 ante
492 996 641 1047 priores
663 996 887 1048 interpretes
901 993 1027 1032 Datus
1043 992 1083 1032 δι
1095 991 1323 1031 Benedictus
1336 991 1556 1044 probarant.
1575 997 1650 1029 Δο-

381 1051 556 1100 κιμόιζειν
571 1051 677 1087 κατὰ
691 1048 730 1088 «Γ.
744 1060 885 1087 vereor
895 1077 909 1094 ,
931 1058 974 1086 ut
989 1047 1050 1086 illa
1063 1044 1250 1098 potestate
1267 1044 1352 1084 satis
1373 1043 1418 1083 sit
1431 1044 1651 1085 Graecum:

382 1113 466 1142 tum
480 1102 719 1143 scribendum
736 1101 880 1148 fuerat,
894 1100 960 1141 τὴν
976 1102 1173 1154 ἄγνωστον
1186 1093 1299 1138 οὖσαν
1311 1098 1387 1138 &c.
1405 1097 1547 1138 scilicet
1555 1096 1651 1136 θεῶν

382 1156 555 1208 summu,
567 1156 612 1195 de
624 1170 703 1209 qua
714 1167 842 1195 tamen
855 1154 1001 1194 nullam
1017 1154 1141 1193 adhuc
1153 1154 1390 1193 mentionem
1404 1150 1657 1204 fecit.'‘A7vw-

385 1225 494 1258 στος,
508 1209 689 1258 ἄπιστος,
701 1209 858 1263 ἀόρατος
874 1208 1067 1262 huiusque
1080 1208 1230 1260 generis
1242 1206 1435 1247 vocabula
1447 1205 1653 1259 quamplu-

383 1266 481 1303 rima
493 1275 655 1316 utraque
670 1264 802 1317 agendi
817 1263 856 1303 δι
869 1263 1035 1315 patiendi
1047 1262 1191 1301 virtute
1201 1261 1377 1315 gaudent.
1389 1261 1492 1300 Vide
1503 1259 1651 1299 Thom.

384 1319 442 1357 M.
467 1319 505 1357 in
526 1317 705 1358 Ἀθεατος.
723 1313 964 1368 Ἅμεμπτος.
983 1317 1213 1368 Ἀνέρειστος.
1236 1314 1487 1367 Ἀπρονὸητος.
1508 1312 1653 1353 'Ao-ime-

373 1386 461 1411 σος.
476 1367 655 1420 Ἅφθονος.
677 1372 890 1410 “”Ύποπτος.
911 1371 1098 1423 quaedam
1117 1370 1270 1408 notavit
1292 1368 1364 1408 Ier.
1385 1368 1578 1408 Hoelzlin.
1601 1366 1652 1406 ad

384 1426 574 1479 Apollon.
591 1426 667 1464 Rh.
683 1425 734 1472 ΙΙ,
748 1440 770 1477 9
780 1426 824 1478 56
836 1439 848 1473 3
861 1425 973 1477 plura
985 1426 1096 1466 Aem.
1111 1422 1253 1462 Portus
1264 1423 1358 1462 Lex.
1374 1422 1458 1461 Ion.
1474 1420 1651 1473 ἰηἊιιρι-
1706 1466 1709 1469 ᾗ

385 1494 463 1520 τος·
484 1479 528 1519 fit
548 1491 677 1519 tamen
705 1491 1012 1532 nonnunquam,
1039 1489 1087 1517 ut
1108 1477 1333 1530 interpretes
1359 1474 1512 1515 fallant:
1537 1473 1588 1514 fic
1610 1475 1652 1514 in

385 1533 569 1574 Phalarid.
590 1534 659 1587 Ep.
673 1533 723 1588 98
734 1564 747 1580 ,
766 1532 808 1572 τὸ
830 1531 1086 1585 ἀνεξέταστον
1103 1530 1266 1578 πλῦθος,
1283 1531 1410 1583 vulgus
1423 1559 1437 1577 ‚
1455 1531 1547 1583 quod
1562 1528 1655 1568 nihil

384 1590 543 1642 expencszt
553 1620 565 1637 ‚
585 1599 648 1627 aut
659 1603 701 1627 ex
718 1595 795 1627 verb
810 1587 970 1641 aestimat.
990 1586 1036 1625 In
1055 1583 1252 1639 utriusque
1267 1595 1396 1625 autem
1410 1583 1489 1623 loci
1506 1582 1652 1624 versio-

384 1655 435 1682 ne
453 1655 535 1682 non
558 1654 660 1690 erat,
680 1655 748 1682 cur
768 1641 832 1681 vel
860 1641 1059 1683 minimum
1084 1640 1249 1692 amplius
1272 1637 1521 1684 haesitarem,
1543 1635 1651 1691 post·

383 1706 500 1749 quam
521 1709 704 1750 magnum
720 1697 757 1735 in
778 1696 875 1735 hanc
895 1705 1040 1749 partem
1061 1704 1300 1734 momentum
1323 1692 1525 1733 accedebat
1541 1692 1655 1731 lima-

383 1750 563 1791 tiffimum
589 1749 940 1802 Petr.Weffelingii
963 1748 1158 1788 iudicium.
1183 1748 1346 1787 HEMST.

441 1808 513 1845 ead.
531 1806 552 1845 l.
571 1819 629 1844 12.
646 1804 855 1858 Ἐοίιιειμεή
872 1805 946 1843 Hic
959 1797 1237 1853 ἑυίκαμειιεῗνοιι
1261 1801 1417 1855 perinde
1437 1799 1512 1847 est,
1536 1812 1581 1840 ac
1593 1799 1653 1839 ἐσ·

385 1859 467 1909 μὲν,
483 1859 631 1912 sumus:
653 1871 743 1897 nam
766 1859 958 1898 interdum
981 1856 1076 1896 ἔοικε
1096 1868 1176 1896 non
1194 1855 1248 1896 est
1267 1855 1492 1901 dubitantis,
1516 1853 1576 1894 sed
1592 1853 1656 1894 af-

384 1913 581 1953 firmantis.
606 1913 695 1953 vid.
714 1913 853 1965 Aegid.
879 1913 1034 1964 Menag.
1061 1911 1107 1950 ad
1129 1910 1248 1963 Diog.
1271 1910 1415 1950 Laertii
1436 1909 1498 1948 lib.
1516 1909 1598 1954 IX,
1612 1908 1654 1948 S.

385 1982 450 2021 73.
474 1966 600 2007 CLER.
622 1967 685 2006 Ad
703 1966 860 2005 similem
887 1965 1021 2005 lfidori
1038 1963 1250 2004 Pelufiotae
1273 1963 1499 2003 sententiam
1522 1962 1558 2002 ΙΙ
1579 1962 1654 2016 Ep.

390 2024 465 2072 1‘17
487 2021 581 2060 haec
605 2021 756 2060 notavit
776 2019 1071 2060 Rittershusius:
1098 2019 1180 2059 eius
1201 2018 1351 2072 generis
1381 2018 1455 2058 alia
1474 2017 1656 2058 Pricaeus

388 2075 436 2114 ad
457 2075 572 2128 Apul.
591 2073 711 2114 Miles.
729 2073 770 2120 I,
788 2088 825 2127 p.
841 2073 877 2113 8.
900 2074 1063 2113 HEMST.

443 2129 533 2182 Pag.
551 2143 619 2182 131
629 2160 637 2168 .
649 2129 671 2168 l.
686 2143 721 2168 2.
738 2127 796 2176 Τῷ
810 2127 889 2166 ’dv-n
901 2129 982 2180 ⁴73⁴?
991 2125 1114 2167 νήπιος
1126 2125 1236 2166 ἔοικεν
1251 2121 1346 2167 εἶναι
1360 2126 1442 2166 πᾶς
1454 2123 1655 2179 ἅνθρωπος

389 2183 456 2222 καὶ
478 2182 494 2221 ὃ
518 2184 621 2231 πάνυ
641 2182 776 2236 γέρων)
790 2180 1018 2234 Ineptiffime
1036 2180 1283 2228 Βεηεόὶᾶιις,
1304 2195 1416 2220 revera
1435 2181 1520 2219 enim
1542 2181 1654 2219 omnis

391 2238 490 2276 lzomo
507 2235 627 2288 infans
644 2239 706 2289 est,
725 2237 870 2275 maxime
888 2251 968 2275 vero
982 2235 1089 2288 senex
1096 2250 1112 2282 ;
1132 2248 1222 2275 cum
1247 2235 1364 2288 longe
1381 2234 1654 2275 accommoda-

388 2292 466 2330 tius
482 2290 628 2337 Datus‚
655 2291 777 2330 Omnis
798 2305 941 2343 namque
958 2291 1057 2329 homo
1081 2288 1200 2341 infans
1215 2290 1326 2342 utique
1343 2289 1476 2328 videtur
1493 2286 1578 2340 ff,
1596 2285 1656 2326 vel

389 2346 509 2384 ultima
520 2346 682 2396 fineffute
693 2347 868 2397 proveaus
880 2368 890 2388 ,-
914 2357 1013 2397 quae
1033 2342 1222 2384 veriffima
1244 2342 1401 2383 Luciani
1421 2342 1561 2382 mentis
1583 2354 1653 2381 ex-

387 2398 540 2453 preffio.
555 2399 701 2440 GRON.
717 2397 906 2452 Expreffit
924 2398 1016 2439 illud
1038 2397 1330 2451 Aegyptiorum
1351 2395 1488 2436 Soloni
1509 2394 1654 2435 dietum

390 2454 492 2505 apud
513 2453 731 2500 Platonem,
759 2456 908 2492 Graecos
922 2452 1053 2504 semper
1069 2467 1202 2503 pueros.
1227 2451 1343 2491 Suam
1359 2460 1489 2490 autem
1507 2448 1656 2489 senten-

389 2509 482 2547 tiam
499 2507 745 2550 validioribus
760 2507 1008 2561 longe-quam
1029 2506 1082 2546 illi
1106 2505 1340 2560 argumentis
1361 2503 1501 2545 firmat.
1525 2503 1586 2544 sie
1611 2503 1654 2543 &
