1737 3378
410 236 497 283 166

450 408 1705 532 ANNoTATloNEs”

699 798 801 844 IN
866 796 1374 843 SOMNIUM.

461 967 554 1018 Pag.
577 980 612 1019 3.
637 965 660 1004 l.
681 978 714 1004 1.
732 966 1002 1003 ΛΟὙΚΙΑΝΟὙ
1019 966 1064 1002 Σ.
1085 962 1151 1014 Δ.)
1169 961 1229 1003 Sic
1243 962 1402 1002 titulum
1421 960 1570 1002 auctori
1588 966 1678 1003 mer*

406 1019 580 1061 ritiffimo
602 1017 786 1064 fecimus,
810 1017 986 1057 meliores
1000 1016 1184 1057 editiones
1207 1016 1334 1056 secuti.
1360 1015 1445 1056 Mff.
1468 1016 1546 1056 duo
1568 1029 1590 1056 e
1612 1029 1673 1057 re·

409 1075 464 1128 gis
488 1071 788 1112 Christianiffimi
804 1070 1063 1116 Bibliotheca,
1087 1083 1187 1123 quos
1212 1069 1403 1110 beneficio
1428 1070 1503 1110 viri
1520 1069 1674 1110 clariffi·

408 1127 461 1167 mi
483 1127 635 1166 Nicolai
655 1125 813 1179 Rigaltii
836 1125 964 1164 videre
991 1124 1176 1176 contigit,
1202 1137 1272 1164 nec
1297 1123 1450 1163 titulum
1477 1136 1548 1163 nec
1571 1123 1675 1163 ordi·

408 1194 498 1220 nem
520 1179 742 1233 agnoscunt.
765 1179 803 1218 A
827 1177 1019 1232 postrema
1043 1179 1158 1217 etiam
1177 1178 1343 1218 editione
1365 1176 1556 1216 Bafilienfi
1575 1178 1676 1230 duae
1716 1202 1723 1236 3

407 1234 621 1289 postremae
642 1246 763 1273 voces
784 1233 950 1272 aberant.
970 1232 1326 1272 BOURDELoTqu.
1349 1231 1473 1270 Mixta
1492 1244 1581 1271 cum
1602 1230 1690 1279 sint,
1708 1212 1721 1293 {j

409 1301 528 1341 opera
543 1288 724 1333 Luciam,
739 1288 777 1326 in
799 1286 882 1326 suas
898 1298 1075 1339 quaeque
1098 1285 1226 1325 claffes
1241 1286 1333 1326 olim
1348 1283 1546 1325 distributa
1564 1283 1675 1325 fuiss'e
1706 1290 1721 1350 ς

408 1343 566 1387 omnia,
588 1341 767 1383 credibile
790 1340 864 1388 est;
885 1352 984 1393 quae
1007 1339 1113 1379 nullo
1132 1352 1235 1380 nunc
1249 1340 1408 1386 ordine,
1429 1351 1555 1393 neque
1578 1349 1676 1378 tem·
1700 1347 1719 1383 '9

410 1409 551 1450 porum
568 1426 579 1444 ‚
602 1408 728 1447 neque
751 1407 880 1434 rerum
906 1393 1032 1433 habita
1054 1394 1224 1440 ratione,
1244 1395 1301 1433 uti
1326 1407 1347 1433 a
1365 1393 1577 1433 maioribus
1597 1393 1676 1433 edi·
1707 1391 1719 1439 ’ἶ

410 1461 449 1488 ta
470 1448 579 1494 sunt,
605 1463 627 1488 a
648 1461 711 1488 me
732 1460 890 1501 quoque
909 1447 1122 1486 traduntur.
1148 1447 1306 1487 [starum
1329 1446 1499 1487 claffium
1524 1447 1676 1502 praeci·
1707 1467 1714 1482 ·.

410 1514 513 1555 pua,
535 1503 701 1554 Dialogi:
726 1503 792 1554 qui
810 1500 945 1540 titulus
963 1500 1011 1539 ab
1031 1501 1095 1547 iis,
1120 1501 1209 1554 qui,
1229 1500 1315 1554 post
1334 1502 1532 1541 inventam
1552 1512 1675 1540 artem
1713 1511 1716 1516 ·

409 1555 754 1608 typographicam,
771 1556 982 1594 Lucianum
1004 1555 1116 1607 primi
1138 1554 1356 1604 ediderunt,
1371 1554 1552 1594 omnibus
1566 1566 1676 1608 prae·
1702 1567 1709 1601 ,ζ

409 1609 512 1649 fixus
536 1609 683 1649 mansit.
707 1609 771 1649 De
792 1610 924 1648 ordine
947 1607 1227 1662 opusculorum
1250 1609 1289 1648 in
1309 1608 1546 1663 praefatione
1567 1620 1592 1648 a
1611 1620 1676 1649 me
1703 1614 1705 1618 ⁴

405 1664 564 1704 dicetur.
581 1662 793 1704 SOLANUS.

463 1722 559 1756 ΛΟῪ
563 1722 603 1757 Κ.
625 1724 669 1758 Σ.
693 1717 758 1765 Δ.)
774 1718 890 1757 Hunc
911 1716 1065 1756 titulum
1081 1716 1230 1769 reperio
1248 1716 1287 1754 in
1303 1715 1423 1756 editis.
1437 1716 1599 1756 SOLAN.
1704 1759 1706 1761 ,

463 1775 539 1811 ead.
554 1772 577 1810 l.
593 1786 631 1821 4.
646 1771 731 1823 Περὶ
743 1769 810 1810 τοῦ
830 1770 1029 1823 Ἐνυπνίου)
1051 1770 1144 1810 Non
1168 1770 1326 1810 dubium
1349 1769 1428 1817 est,
1451 1771 1543 1823 quin
1562 1785 1675 1823 προσ·-

407 1826 552 1864 λαλιὲιν
574 1825 680 1864 istam
697 1825 868 1864 voluerit
887 1824 1078 1863 Lucianus
1098 1824 1283 1877 operibus
1302 1823 1378 1864 suis
1398 1823 1568 1878 praefigi.
1587 1825 1673 1865 Nec

408 1889 539 1918 tamen
554 1877 769 1932 persuasum
790 1878 937 1925 habeo,
958 1876 1141 1917 scribendi
1155 1878 1357 1917 exordium
1377 1891 1461 1918 eam
1480 1879 1532 1917 illi
1550 1877 1677 1921 fuiffe.

407 1932 473 1972 De
495 1933 653 1978 ordine,
679 1946 793 1985 quem
821 1933 858 1970 in
880 1932 938 1970 his
961 1931 1140 1984 Dialong
1164 1930 1390 1971 servandum
1420 1932 1646 1984 putavimus
1661 1962 1676 1981 ‚

406 1986 550 2027 dicium
575 1986 629 2025 est
647 1986 683 2024 in
710 1985 951 2025 praefatione
968 1984 1096 2024 nostra
1118 1985 1163 2024 ad
1190 1986 1403 2026 Lectorem.
1420 1985 1592 2026 BOURD.
1609 1985 1675 2025 Est
1702 2015 1707 2018 -

409 2043 554 2088 λαλιὰ,
576 2039 639 2079 vel
662 2042 908 2091 προσ-λαλιὰ,
941 2051 981 2078 ut
1013 2049 1116 2092 patet
1140 2039 1178 2077 in
1204 2038 1301 2087 fine,
1326 2039 1392 2079 ubi
1421 2039 1495 2086 ait,
1519 2035 1592 2079 οἷὸς
1623 2039 1673 2079 ἑὰ

407 2095 498 2146 πρὸς
517 2089 615 2144 ὖμᾶς
641 2090 909 2132 ἐπανελήλυθα.
934 2093 1196 2132 MARCILIUS.
1217 2094 1405 2148 Scriptum
1429 2091 1483 2132 est
1504 2093 1580 2132 hoc
1599 2093 1674 2133 So·

406 2147 555 2186 mnium
576 2160 597 2187 a
620 2147 787 2187 Luciano
808 2146 891 2200 post
905 2147 1044 2199 primas
1062 2148 1102 2186 in
1117 2146 1324 2187 Graeciam
1335 2178 1346 2195 ,
1361 2147 1506 2187 ltaliam
1520 2147 1561 2187 &
1575 2146 1672 2187 Gal-

404 2201 496 2240 liam
515 2201 845 2254 peregrinationes
858 2232 869 2248 ,
890 2213 979 2240 cum
993 2231 1004 2249 ‚
1025 2201 1063 2239 in
1086 2201 1246 2254 patriam
1269 2201 1409 2246 redux,
1427 2200 1672 2254 eloquentiae

405 2253 597 2307 specimen
621 2255 813 2303 editurus,
844 2254 879 2294 se
906 2253 1062 2308 suasque
1086 2253 1261 2294 fortunas
1281 2254 1470 2295 ostentare
1496 2255 1571 2295 suis
1596 2267 1673 2294 vo-

405 2307 497 2355 luit3
518 2321 566 2348 ne
580 2307 668 2353 fibi,
688 2307 783 2348 foris
796 2319 874 2348 tam
890 2308 993 2349 claro
1005 2337 1015 2355 ‚
1032 2308 1135 2347 domi
1154 2319 1310 2348 noceret
1324 2309 1470 2362 generis
1485 2319 1577 2348 nota
1596 2308 1670 2348 hu-

404 2361 566 2409 militas;
589 2362 800 2414 eademque
819 2375 939 2416 opera
959 2362 1146 2402 tenuioris
1169 2361 1345 2402 fortunae
1366 2361 1670 2402 adolescentulos

403 2416 450 2456 ad
473 2428 533 2456 res
556 2429 714 2468 magnas
735 2416 804 2455 suo
826 2415 1006 2469 exemplo
1033 2415 1318 2456 existimularet.
1341 2416 1500 2456 SOLAN,

454 2472 527 2507 ead.
551 2470 574 2507 l.
601 2484 631 2522 5.
654 2470 708 2509 Εἰς
731 2472 782 2508 τὶ»
806 2469 1067 2510 διδασκαλεῖα
1088 2469 1206 2523 om.)
1229 2470 1357 2510 Habet
1381 2483 1402 2508 a
1426 2469 1608 2518 Platone,
1630 2469 1670 2510 in

399 2535 481 2579 quo
503 2533 610 2565 totus
633 2522 709 2573 cst,
733 2524 774 2565 <St
797 2537 818 2565 a
841 2523 1105 2578 Xenophonte
1120 2554 1130 2574 2
1151 2524 1261 2566 cuius
1280 2523 1331 2564 est
1354 2522 1517 2565 affiduus
1539 2523 1667 2564 imita·
