1737 3378
387 227 1313 279 EPISTOLA.cx1

43 329 125 380 rim,
145 331 243 371 etiam
259 330 394 384 famam
420 350 523 373 meam
547 335 678 373 libcrari
696 334 846 387 equidem
866 334 976 386 cupio.
1000 335 1072 373 Sed
1093 349 1168 374 cum
1185 335 1305 387 gravia

43 397 92 425 ter
108 397 322 439 aegrotante,
344 386 457 426 deinde
478 400 633 433 mortuo,
648 391 837 427 contendere
855 388 1044 427 indecorum
1064 389 1180 427 amicis
1193 390 1304 429 &mi-

41 439 78 477 hi
93 441 279 479 videbatur.
299 440 409 491 Igitur
426 442 650 491 haecfilentio
667 441 830 487 contrivi,
849 456 950 492 neque
970 456 1118 493 unquam
1133 443 1305 495 ulciscar,

41 493 108 546 nisi
90 505 327 548 zprovocatus
356 496 399 532 ab
424 495 503 540 his,
528 495 584 547 qui
617 495 794 546 Virgilium
820 495 923 546 ipfius
949 508 1092 532 curant:
1122 508 1192 534 tum
1217 498 1305 536 enim

41 562 144 600 cogar
161 549 336 601 ostendere,
355 563 455 599 quam
469 564 536 586 non
554 550 668 600 quaes
667 562 743 586 erlm
755 550 848 600 quod
858 548 1128 599 reprehenderem,
1140 551 1204 599 sed
1214 565 1302 602 quae

39 602 131 640 ultro
142 605 182 653 se
198 600 396 647 obtulerint,
412 613 451 640 ut
458 600 582 652 sumus
599 601 772 648 homines,
792 611 965 654 peccata,
980 616 1018 638 ea
1032 617 1080 638 me
1093 604 1233 652 sedulo,
1249 604 1303 642 uti

36 656 168 693 decebat
189 654 301 692 literas
324 656 469 706 nostras,
487 655 537 692 uti
552 655 759 708 postulabit,
787 669 885 707 quam
906 655 1114 707 profitemur,
1142 656 1303 695 humani-

35 720 109 755 tas,
130 707 274 747 texiffe.
294 709 378 746 Aon
400 721 458 760 ego
478 712 656 762 deprecor,
678 724 744 761 quo
766 709 876 747 minus
896 710 952 746 vel
961 709 1204 756 Burmannus,
1219 710 1303 748 alii·

35 775 96 823 que
114 764 265 800 acerbam
287 762 386 801 etiam
408 762 608 813 censuram
596 778 631 800 in
645 762 777 814 scriota
799 779 821 800 a
845 777 893 800 me
910 774 1102 808 exerceant,
1122 779 1161 801 ne
1179 764 1307 816 iniqua

35 815 162 868 quidem
184 817 220 853 de
245 815 400 868 ingenio,
423 818 463 854 de
483 816 654 864 dotffina,
676 818 713 854 de
726 817 897 855 laboribus
918 816 1024 861 meis,
1042 817 1168 855 iudicia
1183 818 1298 870 depre-

34 884 117 917 cor;
134 884 327 921 nunquam,
352 872 410 908 ubi
433 870 580 922 dehisce
601 883 718 923 agetur
742 871 859 916 rebus,
879 883 968 909 cont
960 871 1074 908 ndam
1095 871 1209 918 ultra,
1231 872 1300 922 nisi

16 923 160 975 vfifhrte
173 923 331 976 illustrari
346 924 513 975 sententia
532 924 648 976 aliqua
669 938 740 962 mea
755 926 843 985 poff
842 937 855 962 t
866 938 978 976 ‚oquin
1001 924 1155 975 beneficio
1176 940 1225 963 me
1240 923 1304 976 as

26 976 151 1029 seclum
168 978 290 1031 profite
292 979 351 1016 bor
369 979 411 1016 ab
431 993 490 1024 eo,
503 980 539 1030 fi
554 992 631 1030 quis
651 993 741 1016 meas
761 977 843 1017 milzi
862 977 1086 1016 aberrationes
1109 979 1166 1016 vel
1181 978 1300 1030 placi·-

33 1033 94 1076 de,
121 1033 175 1070 vel
186 1030 324 1085 superbe
339 1032 439 1070 etiam
459 1032 654 1086 ostenderit;
668 1031 896 1082 Beneficium,
912 1031 1072 1084 inquam,
1096 1031 1297 1085 interpreta⁴

31 1085 106 1131 bor,
130 1099 332 1138 quamquam
354 1101 420 1124 non
437 1101 479 1124 ex
501 1085 681 1138 disciplina
700 1088 854 1124 Senecae.
872 1086 1002 1143 Alagis
1015 1086 1098 1124 enim
1117 1086 1200 1124 milti
1210 1087 1297 1138 pla-

30 1151 82 1177 cet
105 1139 278 1177 Platonici
312 1140 437 1178 Τῐτηαε
411 1154 437 1176 ι
461 1140 569 1187 illud,
598 1140 717 1176 ’AtAZt
743 1138 800 1188 τῷ
826 1153 934 1178 τουτο
946 1138 1294 1206 {Ae‘yfietv71,›cee}

28 1192 214 1243 ἀνευρόντι
234 1192 344 1242 ἓὲμτι
367 1189 482 1232 ου’τως
501 1191 613 1254 exat),
633 1191 758 1232 κεῖται
783 1204 898 1254 φιλια.
915 1193 969 1230 τὰ
989 1187 1101 1232 aem.
1124 1196 1195 1232 Sed
1216 1209 1295 1234 cum

30 1246 120 1285 nihil
140 1247 222 1286 mihi
241 1248 387 1307 pudore,
412 1249 578 1293 candore,
595 1247 737 1300 ingenuo
765 1247 899 1291 animo,
922 1247 1034 1285 maius
1053 1247 1207 1285 1ideatur
1228 1259 1295 1286 aut

30 1301 170 1348 carius‚·
189 1315 263 1340 cum
285 1300 366 1339 mihi
383 1301 535 1352 conscius
547 1302 629 1352 sim,
646 1312 771 1353 quanto
786 1301 916 1338 laudern
934 1301 1028 1339 illam
1043 1302 1158 1353 studio
1178 1301 1300 1352 conse-¹

29 1358 115 1402 aeq
132 1370 199 1393 non
220 1356 263 1406 est
275 1354 356 1393 milti
376 1355 659 1402 committendum,
676 1366 715 1391 ut
727 1369 798 1392 eam
817 1353 989 1407 quisquam
1003 1367 1129 1393 tacente
1144 1371 1194 1395 me
1207 1354 1294 1394 milti

29 1421 175 1459 ereptum
203 1420 283 1455 eat,
306 1409 432 1461 quoties
453 1425 524 1447 nem
515 1423 564 1462 pe
586 1409 622 1446 in
645 1424 748 1447 manu
777 1423 849 1446 mea
869 1409 941 1469 est,
958 1408 1165 1461 iniquitatem
1187 1423 1293 1448 accu-

19 1461 172 1514 sationis
191 1463 361 1515 ostendere.
387 1463 426 1500 Si
442 1463 518 1516 quis
540 1474 670 1507 tamen,
693 1463 737 1500 ub
738 1477 750 1499 t
743 1460 833 1512 feci
852 1462 985 1509 omnia,
1009 1462 1223 1509 maletat-,erc
1242 1464 1291 1503 de

27 1516 184 1565 animo,
204 1516 250 1555 de
267 1514 426 1555 confilio
457 1531 526 1556 meo
548 1516 732 1567 existimare
744 1546 759 1563 ,
781 1516 816 1554 lz.
838 1531 864 1554 e.
884 1516 934 1553 di
938 1516 1126 1554 inationetn
1140 1517 1208 1568 fibi
1230 1532 1294 1561 ar<

27 1583 145 1622 rogare
161 1570 318 1622 iniustam
342 1570 376 1608 ‹S›
397 1571 570 1609 ridiculam
595 1570 757 1608 voluerit:
784 1585 888 1608 meum
914 1569 973 1607 erit
998 1585 1037 1607 ea
1061 1580 1295 1617 contemnere,

27 1624 64 1663 6³
84 1640 107 1662 a
129 1623 331 1676 conscientia
354 1624 388 1662 δ’
413 1625 517 1664 animi
543 1623 785 1676 tranquillitate
800 1636 907 1676 petere
921 1652 931 1669 ‚
961 1638 1062 1673 quarn
1082 1624 1163 1662 aliis
1181 1626 1288 1664 obno-

27 1678 124 1717 xiam
142 1694 209 1716 non
232 1678 295 1739 ff
313 1689 456 1731 oportet,
470 1677 677 1729 felicitatem.
702 1678 801 1716 Haec
816 1677 913 1728 galea
936 1677 1046 1722 nobis,
1058 1677 1113 1715 ln‘c
1134 1678 1289 1731 clypeus,

23 1733 79 1771 hic
100 1734 225 1770 tt'zorax
244 1732 325 1771 erit.-
345 1733 459 1785 gladio
479 1733 563 1770 enim
581 1745 709 1770 utemur
733 1746 926 1783 nunquam,
954 1741 1035 1768 certe
1057 1746 1125 1769 non
1153 1733 1218 1783 nzfi
1239 1735 1291 1771 ad

23 1786 254 1839 repellendum.
291 1787 435 1825 Ceterum
454 1788 549 1838 apud
572 1798 603 1824 te
625 1787 687 1846 ista
711 1785 911 1836 disputata,
936 1783 1062 1823 Reitzi
1091 1785 1289 1844 humantff'-

24 1855 100 1887 me,
130 1855 243 1902 aegre·
247 1855 315 1879 non
337 1839 447 1891 feres,
477 1840 636 1878 arbitrum
663 1838 817 1877 idoneum
842 1838 960 1876 talium
993 1850 1224 1890 negotiorum,
1247 1841 1286 1879 in

15 1893 134 1955 fronte
155 1894 282 1946 operis,
306 1895 399 1944 quod
413 1896 518 1947 potest
536 1895 625 1932 hanc
637 1893 738 1945 nostri
757 1892 885 1943 consilii
900 1892 1181 1944 significationem
1193 1884 1286 1944 firre

21 1951 75 1987 ad
86 1964 217 1995 omnes,
245 1948 367 2000 quibus
387 1948 524 1999 probari
546 1948 635 1986 illud
653 1948 775 1999 cupio,
801 1949 949 1998 quodque
970 1954 1167 1985 duraturum
1189 1948 1287 1986 vide-

23 2014 82 2041 tur
103 2017 178 2041 cum
198 2002 277 2055 ipfis
298 2002 413 2040 literis.
433 2001 569 2040 Haec
557 2003 663 2053 tgitur
685 2017 753 2039 non
778 2001 971 2039 dimittenda
991 2012 1063 2039 erat
1088 2002 1286 2053 opportuni-

25 2067 94 2094 tas.
114 2056 234 2102 Dixi,
254 2071 337 2108 quae
358 2056 529 2100 volebam,
552 2059 590 2094 de
607 2056 760 2093 Luciano
782 2055 816 2093 δ’
835 2055 874 2093 de
888 2069 938 2093 me
962 2054 1072 2092 etizm.
1100 2057 1205 2105 Quod
1221 2056 1286 2105 su-

19 2111 142 2171 perefl,
164 2121 195 2148 te
221 2123 324 2161 rogo,
349 2111 404 2149 vir
417 2110 503 2148 docti
528 2125 614 2155 z,me
632 2120 672 2147 ut
688 2124 774 2161 quae
793 2110 878 2147 inter
893 2123 955 2146 nos
973 2114 1139 2148 contracta
1160 2112 1203 2161 est
1217 2110 1287 2147 Lu-

24 2163 116 2204 ciani
138 2165 304 2215 occasione
326 2165 468 2212 notitia,
496 2179 568 2202 eam
591 2163 802 2212 coalescere
790 2178 826 2201 tn
852 2163 1057 2210 amicitiam,
1077 2164 1114 2213 si
1134 2179 1202 2202 non
1231 2165 1285 2202 in-

21 2217 160 2268 dignum
180 2233 230 2256 me
261 2218 452 2270 existimas,
476 2218 624 2271 patiare.
658 2217 843 2269 Gottingae
868 2226 934 2256 XV
961 2233 985 2256 a
1010 2217 1160 2257 Kalend.
1185 2217 1283 2258 Febr

25 2283 94 2312 clo
109 2282 153 2311 10
171 2283 220 2315 CC
234 2283 371 2313 XLIII.
